Timestep,Hour,Trade_Type,Buyer_ID,Seller_ID,Quantity_kWh,Price_Euro_kWh
0,0,p2p,66,63,0.5042,0.1037
0,0,p2p,66,82,0.1223,0.1107
0,0,p2p,72,82,0.482,0.11
0,0,p2p,81,82,0.5545,0.1093
0,0,p2p,28,82,0.2915,0.1093
0,0,p2p,32,82,0.6101,0.1092
0,0,p2p,52,82,0.2801,0.109
0,0,p2p,57,82,0.25,0.109
0,0,p2p,83,82,0.4095,0.1089
0,0,p2p,83,45,0.0429,0.109
0,0,p2p,8,45,0.25,0.1089
0,0,p2p,60,45,0.25,0.1083
0,0,p2p,78,45,0.5256,0.1083
0,0,p2p,39,45,0.4991,0.1083
0,0,p2p,92,45,0.3702,0.1082
0,0,p2p,79,45,0.4466,0.108
0,0,p2p,5,45,0.3767,0.1079
0,0,p2p,20,45,0.2388,0.1077
0,0,local_market,16,-1,0.3165,0.1171
0,0,local_market,20,-1,0.0112,0.1079
0,0,local_market,42,-1,0.25,0.1151
0,0,local_market,62,-1,0.2788,0.116
0,0,local_market,67,-1,0.25,0.1151
0,0,local_market,71,-1,0.3335,0.1176
1,1,p2p,78,75,0.5321,0.0829
1,1,p2p,39,75,0.1814,0.0827
1,1,p2p,39,76,0.2992,0.0891
1,1,p2p,81,76,0.4497,0.0891
1,1,p2p,72,76,0.421,0.0886
1,1,p2p,32,76,0.5483,0.0886
1,1,p2p,57,76,0.25,0.0882
1,1,p2p,42,76,0.25,0.0882
1,1,p2p,52,76,0.25,0.0881
1,1,p2p,8,76,0.25,0.0881
1,1,p2p,79,76,0.2818,0.088
1,1,p2p,79,63,0.1208,0.0887
1,1,p2p,66,63,0.5577,0.0887
1,1,p2p,16,63,0.344,0.0887
1,1,p2p,62,63,0.25,0.0883
1,1,local_market,5,-1,0.2999,0.0954
1,1,local_market,20,-1,0.25,0.0939
1,1,local_market,28,-1,0.25,0.0939
1,1,local_market,60,-1,0.25,0.0939
1,1,local_market,67,-1,0.25,0.0939
1,1,local_market,71,-1,0.2849,0.0949
1,1,local_market,83,-1,0.3765,0.0977
1,1,local_market,92,-1,0.316,0.0959
2,2,p2p,32,70,0.5745,0.0922
2,2,p2p,81,70,0.4571,0.0917
2,2,p2p,72,70,0.237,0.0914
2,2,p2p,72,80,0.1801,0.0947
2,2,p2p,66,80,0.4754,0.0945
2,2,p2p,62,80,0.25,0.0945
2,2,p2p,57,80,0.25,0.0945
2,2,p2p,78,80,0.4257,0.0943
2,2,p2p,20,80,0.25,0.0942
2,2,p2p,16,80,0.3587,0.0942
2,2,p2p,83,80,0.4727,0.0941
2,2,p2p,42,80,0.2031,0.094
2,2,p2p,42,35,0.0469,0.0954
2,2,p2p,28,35,0.25,0.0952
2,2,p2p,8,35,0.25,0.095
2,2,p2p,71,35,0.2643,0.095
2,2,p2p,39,35,0.3704,0.095
2,2,local_market,5,-1,0.2687,0.1021
2,2,local_market,52,-1,0.25,0.1015
2,2,local_market,60,-1,0.25,0.1015
2,2,local_market,67,-1,0.25,0.1015
2,2,local_market,79,-1,0.3277,0.1038
2,2,local_market,92,-1,0.3466,0.1044
3,3,p2p,66,54,0.5799,0.0859
3,3,p2p,32,54,0.4892,0.0857
3,3,p2p,92,54,0.3039,0.0848
3,3,p2p,28,54,0.25,0.0845
3,3,p2p,83,54,0.2014,0.0844
3,3,p2p,83,64,0.2157,0.0863
3,3,p2p,71,64,0.2598,0.0863
3,3,p2p,72,64,0.4139,0.0863
3,3,p2p,60,64,0.25,0.0861
3,3,p2p,81,64,0.4258,0.0861
3,3,p2p,16,64,0.354,0.086
3,3,p2p,78,64,0.4217,0.086
3,3,p2p,8,64,0.25,0.086
3,3,p2p,42,64,0.0216,0.0859
3,3,p2p,42,46,0.2284,0.0874
3,3,p2p,62,46,0.265,0.0873
3,3,p2p,39,46,0.4023,0.0871
3,3,p2p,67,46,0.25,0.0871
3,3,p2p,79,46,0.3931,0.0871
3,3,p2p,20,46,0.25,0.087
3,3,p2p,5,46,0.3298,0.0867
3,3,p2p,52,46,0.2608,0.0865
3,3,local_market,57,-1,0.25,0.0935
4,4,p2p,66,53,0.621,0.1047
4,4,p2p,39,53,0.2593,0.1043
4,4,p2p,39,34,0.2332,0.1075
4,4,p2p,81,34,0.5106,0.1071
4,4,p2p,92,34,0.397,0.1067
4,4,p2p,83,34,0.5342,0.1066
4,4,p2p,72,34,0.4622,0.1065
4,4,p2p,79,34,0.1748,0.1063
4,4,p2p,79,41,0.2831,0.1072
4,4,p2p,16,41,0.3373,0.1071
4,4,p2p,5,41,0.3187,0.1071
4,4,p2p,42,41,0.25,0.1069
4,4,p2p,32,41,0.5716,0.1069
4,4,p2p,78,41,0.493,0.1066
4,4,p2p,60,41,0.0654,0.1066
4,4,p2p,60,93,0.1846,0.1069
4,4,p2p,71,93,0.3279,0.1067
4,4,p2p,67,93,0.25,0.1065
4,4,p2p,52,93,0.25,0.1062
4,4,p2p,8,93,0.25,0.1062
4,4,p2p,62,93,0.2804,0.1061
4,4,p2p,57,93,0.25,0.106
4,4,p2p,28,93,0.25,0.1054
4,4,p2p,20,93,0.25,0.1054
5,5,p2p,32,17,0.859,0.1333
5,5,p2p,79,17,0.6027,0.1333
5,5,p2p,79,4,0.0894,0.1338
5,5,p2p,39,4,0.6455,0.1337
5,5,p2p,81,4,0.9233,0.1334
5,5,p2p,66,4,0.2487,0.133
5,5,p2p,66,3,0.6217,0.1332
5,5,p2p,78,3,0.7241,0.1327
5,5,p2p,52,3,0.3722,0.1324
5,5,p2p,83,3,0.2147,0.1324
5,5,p2p,83,87,0.5169,0.1327
5,5,p2p,5,87,0.5524,0.1326
5,5,p2p,60,87,0.25,0.1323
5,5,p2p,72,87,0.5892,0.132
5,5,p2p,72,18,0.0544,0.1336
5,5,p2p,28,18,0.3819,0.1336
5,5,p2p,92,18,0.5451,0.1336
5,5,p2p,67,18,0.2971,0.1335
5,5,p2p,8,18,0.25,0.1335
5,5,p2p,57,18,0.25,0.1334
5,5,p2p,62,18,0.1293,0.1333
5,5,p2p,62,58,0.2791,0.1337
5,5,p2p,16,58,0.5956,0.1335
5,5,p2p,42,58,0.25,0.1331
5,5,p2p,71,58,0.4686,0.1331
5,5,p2p,20,58,0.2853,0.1319
6,6,p2p,66,73,0.9617,0.1921
6,6,p2p,66,6,0.568,0.1922
6,6,p2p,79,6,0.4303,0.192
6,6,p2p,79,29,0.7711,0.1922
6,6,p2p,72,29,0.3138,0.1921
6,6,p2p,72,30,0.9172,0.1929
6,6,p2p,81,30,0.2833,0.1928
6,6,p2p,81,0,1.0969,0.1928
6,6,p2p,81,13,0.2327,0.1929
6,6,p2p,39,13,0.8944,0.192
6,6,p2p,39,40,0.5701,0.1922
6,6,p2p,78,40,0.4718,0.1919
6,6,p2p,78,21,0.9686,0.192
6,6,p2p,78,23,0.2276,0.1921
6,6,p2p,71,23,0.9058,0.1917
6,6,p2p,32,23,0.0334,0.1916
6,6,p2p,32,7,0.3876,0.1916
6,6,p2p,32,59,0.9418,0.1918
6,6,p2p,32,2,0.1214,0.1918
6,6,p2p,83,2,0.9206,0.1915
6,6,p2p,83,36,0.4098,0.1916
6,6,p2p,76,36,0.5865,0.1906
6,6,p2p,76,90,0.3824,0.1909
6,6,p2p,92,90,0.6188,0.1908
6,6,p2p,92,43,0.4243,0.1909
6,6,p2p,16,43,0.6555,0.1904
6,6,p2p,16,47,0.3403,0.1908
6,6,p2p,20,47,0.4589,0.1906
6,6,p2p,28,47,0.1922,0.1906
6,6,p2p,28,88,0.4738,0.1907
6,6,p2p,60,88,0.4369,0.1907
6,6,p2p,8,88,0.2128,0.1904
6,6,p2p,8,25,0.2165,0.1904
6,6,p2p,5,25,0.9236,0.1904
6,6,p2p,5,14,0.0823,0.1905
6,6,p2p,80,14,0.6065,0.1903
6,6,p2p,64,14,0.2665,0.1899
6,6,p2p,64,55,0.1888,0.1903
6,6,p2p,67,55,0.4626,0.1902
6,6,p2p,62,55,0.3537,0.1901
6,6,p2p,62,65,0.4853,0.1901
6,6,p2p,52,65,0.4672,0.19
6,6,p2p,52,51,0.2024,0.1903
6,6,p2p,57,51,0.4261,0.1902
6,6,p2p,42,51,0.3819,0.19
6,6,p2p,42,27,0.018,0.1903
6,6,p2p,41,27,0.2395,0.1899
6,6,p2p,99,27,0.0146,0.1895
6,6,p2p,45,27,0.352,0.1895
6,6,p2p,82,27,0.3579,0.1889
6,6,p2p,46,27,0.1926,0.1882
6,6,p2p,84,27,0.0361,0.188
6,6,p2p,94,27,0.0253,0.1873
7,7,p2p,45,28,0.0869,0.2241
7,7,p2p,45,10,0.2548,0.2261
7,7,p2p,45,55,0.2735,0.2261
7,7,p2p,45,70,0.2926,0.2261
7,7,p2p,45,96,0.3313,0.2261
7,7,p2p,45,11,0.1732,0.2262
7,7,p2p,58,11,0.1025,0.2247
7,7,p2p,58,6,0.3868,0.2252
7,7,p2p,58,90,0.1988,0.2256
7,7,p2p,79,90,0.1622,0.225
7,7,p2p,79,9,0.444,0.225
7,7,p2p,41,9,0.217,0.225
7,7,p2p,41,38,0.502,0.2252
7,7,p2p,41,31,0.2544,0.2253
7,7,p2p,41,73,0.1762,0.2253
7,7,p2p,82,73,0.2516,0.2253
7,7,p2p,82,29,0.4196,0.2254
7,7,p2p,82,23,0.2997,0.2254
7,7,p2p,82,2,0.1371,0.2257
7,7,p2p,83,2,0.1152,0.2255
7,7,p2p,83,15,0.5533,0.2255
7,7,p2p,83,86,0.3294,0.2256
7,7,p2p,34,86,0.3417,0.2256
7,7,p2p,34,14,0.2074,0.2257
7,7,p2p,63,14,0.1155,0.2255
7,7,p2p,63,68,0.6619,0.2256
7,7,p2p,63,50,0.0323,0.2256
7,7,p2p,87,50,0.4577,0.2256
7,7,p2p,87,85,0.0792,0.2259
7,7,p2p,72,85,0.3824,0.2253
7,7,p2p,72,48,0.1682,0.2256
7,7,p2p,78,48,0.2331,0.2254
7,7,p2p,78,24,0.336,0.2255
7,7,p2p,78,77,0.0494,0.2255
7,7,p2p,66,77,0.6316,0.2255
7,7,p2p,76,77,0.0363,0.225
7,7,p2p,76,19,0.4027,0.2251
7,7,p2p,76,56,0.3316,0.2251
7,7,p2p,16,56,0.3601,0.225
7,7,p2p,16,61,0.1368,0.2251
7,7,p2p,52,61,0.4353,0.2251
7,7,p2p,62,61,0.0343,0.2249
7,7,p2p,62,0,0.391,0.2249
7,7,p2p,62,44,0.208,0.225
7,7,p2p,64,44,0.2644,0.2246
7,7,p2p,64,51,0.2698,0.2248
7,7,p2p,32,51,0.1303,0.2247
7,7,p2p,32,25,0.3728,0.2253
7,7,p2p,32,98,0.0305,0.2253
7,7,p2p,39,98,0.706,0.2251
7,7,p2p,39,49,0.0348,0.2254
7,7,p2p,54,49,0.1597,0.2251
7,7,p2p,60,49,0.0704,0.225
7,7,p2p,60,91,0.0751,0.2252
7,7,p2p,17,91,0.139,0.2249
7,7,p2p,17,21,0.1825,0.225
7,7,p2p,4,21,0.072,0.2246
7,7,p2p,4,89,0.0941,0.2246
7,7,p2p,81,89,0.1985,0.2245
7,7,p2p,81,97,0.37,0.2246
7,7,p2p,81,47,0.0993,0.2248
7,7,p2p,71,47,0.2511,0.2247
7,7,p2p,71,74,0.0855,0.2251
7,7,p2p,46,74,0.2518,0.2251
7,7,p2p,46,12,0.3993,0.2253
7,7,p2p,99,75,0.0676,0.225
7,7,p2p,5,75,0.2911,0.2248
7,7,p2p,5,37,0.0913,0.2249
7,7,p2p,67,37,0.2579,0.2247
7,7,p2p,93,37,0.1605,0.2245
7,7,p2p,80,37,0.0172,0.2245
7,7,p2p,80,1,0.4417,0.2248
7,7,p2p,42,1,0.1098,0.2247
7,7,p2p,20,7,0.1477,0.2241
7,7,p2p,92,7,0.0735,0.2239
7,7,p2p,94,7,0.1634,0.2238
7,7,p2p,57,7,0.1311,0.2238
7,7,p2p,8,7,0.0884,0.2237
8,8,p2p,3,39,0.0908,0.1993
8,8,local_market,-1,5,0.8185,0.1913
8,8,local_market,-1,8,0.4094,0.2036
8,8,local_market,-1,16,0.773,0.1927
8,8,local_market,-1,20,0.7677,0.1929
8,8,local_market,-1,28,0.3759,0.2046
8,8,local_market,-1,32,0.4128,0.2035
8,8,local_market,-1,42,0.1323,0.2119
8,8,local_market,-1,52,0.7101,0.1946
8,8,local_market,-1,57,0.533,0.1999
8,8,local_market,-1,60,0.1413,0.2117
8,8,local_market,-1,62,0.416,0.2034
8,8,local_market,-1,66,0.1839,0.2104
8,8,local_market,-1,67,0.2411,0.2087
8,8,local_market,-1,71,0.1566,0.2112
8,8,local_market,-1,78,0.8833,0.1894
8,8,local_market,-1,79,0.7491,0.1934
8,8,local_market,-1,81,0.5746,0.1987
8,8,local_market,-1,83,0.9614,0.1871
8,8,local_market,-1,92,0.9306,0.188
9,9,local_market,-1,5,1.3642,0.1315
9,9,local_market,-1,8,1.1282,0.1386
9,9,local_market,-1,16,1.4745,0.1282
9,9,local_market,-1,20,0.7265,0.1506
9,9,local_market,-1,28,1.6664,0.1224
9,9,local_market,-1,32,1.1866,0.1368
9,9,local_market,-1,39,2.15,0.1079
9,9,local_market,-1,42,0.9847,0.1429
9,9,local_market,-1,52,0.6422,0.1531
9,9,local_market,-1,57,1.0714,0.1403
9,9,local_market,-1,60,1.154,0.1378
9,9,local_market,-1,62,0.8348,0.1474
9,9,local_market,-1,66,1.7662,0.1194
9,9,local_market,-1,67,1.2088,0.1361
9,9,local_market,-1,71,1.5809,0.125
9,9,local_market,-1,72,1.8799,0.116
9,9,local_market,-1,78,0.866,0.1464
9,9,local_market,-1,79,1.2851,0.1338
9,9,local_market,-1,81,0.9943,0.1426
9,9,local_market,-1,83,1.9346,0.1144
9,9,local_market,-1,92,1.3914,0.1307
10,10,local_market,-1,5,1.5459,0.1155
10,10,local_market,-1,8,1.0465,0.1305
10,10,local_market,-1,16,1.463,0.118
10,10,local_market,-1,20,1.2111,0.1256
10,10,local_market,-1,28,1.6745,0.1117
10,10,local_market,-1,32,1.3661,0.1209
10,10,local_market,-1,39,3.0,0.0719
10,10,local_market,-1,42,1.438,0.1188
10,10,local_market,-1,52,2.3847,0.0904
10,10,local_market,-1,57,1.5079,0.1167
10,10,local_market,-1,60,1.5023,0.1168
10,10,local_market,-1,62,1.9029,0.1048
10,10,local_market,-1,66,2.499,0.0869
10,10,local_market,-1,67,0.9709,0.1328
10,10,local_market,-1,71,2.1829,0.0964
10,10,local_market,-1,72,2.0519,0.1003
10,10,local_market,-1,78,3.0,0.0719
10,10,local_market,-1,79,1.5467,0.1155
10,10,local_market,-1,81,3.0,0.0719
10,10,local_market,-1,83,1.282,0.1234
10,10,local_market,-1,92,1.3027,0.1228
11,11,local_market,-1,5,1.8306,0.1261
11,11,local_market,-1,8,0.8993,0.154
11,11,local_market,-1,16,2.429,0.1081
11,11,local_market,-1,20,0.8332,0.156
11,11,local_market,-1,28,2.6274,0.1022
11,11,local_market,-1,32,3.0,0.091
11,11,local_market,-1,39,2.5028,0.1059
11,11,local_market,-1,42,0.9308,0.1531
11,11,local_market,-1,52,1.8665,0.125
11,11,local_market,-1,57,1.2964,0.1421
11,11,local_market,-1,60,1.5243,0.1353
11,11,local_market,-1,62,2.6612,0.1012
11,11,local_market,-1,66,3.0,0.091
11,11,local_market,-1,67,1.3938,0.1392
11,11,local_market,-1,71,1.4756,0.1367
11,11,local_market,-1,72,2.3347,0.111
11,11,local_market,-1,78,3.0,0.091
11,11,local_market,-1,79,3.0,0.091
11,11,local_market,-1,81,3.0,0.091
11,11,local_market,-1,83,1.5948,0.1332
11,11,local_market,-1,84,0.3419,0.1707
11,11,local_market,-1,92,2.5051,0.1058
12,12,local_market,-1,5,1.589,0.145
12,12,local_market,-1,8,1.1516,0.1582
12,12,local_market,-1,11,0.0433,0.1914
12,12,local_market,-1,16,1.737,0.1406
12,12,local_market,-1,20,1.1417,0.1585
12,12,local_market,-1,24,0.7092,0.1714
12,12,local_market,-1,26,0.0659,0.1907
12,12,local_market,-1,28,2.6299,0.1138
12,12,local_market,-1,32,3.0,0.1027
12,12,local_market,-1,33,0.1687,0.1876
12,12,local_market,-1,39,3.0,0.1027
12,12,local_market,-1,42,1.2437,0.1554
12,12,local_market,-1,44,0.7427,0.1704
12,12,local_market,-1,48,1.0035,0.1626
12,12,local_market,-1,49,0.3342,0.1827
12,12,local_market,-1,50,0.4001,0.1807
12,12,local_market,-1,52,1.9866,0.1331
12,12,local_market,-1,57,1.0172,0.1622
12,12,local_market,-1,60,1.4643,0.1488
12,12,local_market,-1,62,1.3502,0.1522
12,12,local_market,-1,66,1.87,0.1366
12,12,local_market,-1,67,2.1404,0.1285
12,12,local_market,-1,69,0.34,0.1825
12,12,local_market,-1,71,2.3712,0.1216
12,12,local_market,-1,72,3.0,0.1027
12,12,local_market,-1,78,3.0,0.1027
12,12,local_market,-1,79,3.0,0.1027
12,12,local_market,-1,81,3.0,0.1027
12,12,local_market,-1,83,1.8039,0.1386
12,12,local_market,-1,84,1.6426,0.1434
12,12,local_market,-1,85,0.377,0.1814
12,12,local_market,-1,90,0.5078,0.1775
12,12,local_market,-1,91,0.3894,0.181
12,12,local_market,-1,92,1.387,0.1511
12,12,local_market,-1,94,0.1913,0.187
12,12,local_market,-1,97,0.4696,0.1786
13,13,local_market,-1,0,1.7727,0.1166
13,13,local_market,-1,5,3.0,0.0798
13,13,local_market,-1,6,1.6704,0.1197
13,13,local_market,-1,8,1.6485,0.1203
13,13,local_market,-1,10,0.6455,0.1504
13,13,local_market,-1,11,1.8362,0.1147
13,13,local_market,-1,15,1.0755,0.1375
13,13,local_market,-1,16,1.6184,0.1212
13,13,local_market,-1,19,0.6285,0.1509
13,13,local_market,-1,20,1.8346,0.1148
13,13,local_market,-1,21,0.6703,0.1497
13,13,local_market,-1,22,1.7833,0.1163
13,13,local_market,-1,24,1.5132,0.1244
13,13,local_market,-1,26,1.2052,0.1336
13,13,local_market,-1,28,1.4765,0.1255
13,13,local_market,-1,29,0.4262,0.157
13,13,local_market,-1,31,1.5946,0.122
13,13,local_market,-1,32,2.5953,0.0919
13,13,local_market,-1,33,1.1869,0.1342
13,13,local_market,-1,35,0.2241,0.1631
13,13,local_market,-1,36,1.701,0.1188
13,13,local_market,-1,37,0.4518,0.1562
13,13,local_market,-1,38,1.3709,0.1287
13,13,local_market,-1,39,1.7733,0.1166
13,13,local_market,-1,40,0.3527,0.1592
13,13,local_market,-1,42,1.2499,0.1323
13,13,local_market,-1,44,1.5925,0.122
13,13,local_market,-1,48,2.2305,0.1029
13,13,local_market,-1,49,1.816,0.1153
13,13,local_market,-1,50,2.1277,0.106
13,13,local_market,-1,52,1.2433,0.1325
13,13,local_market,-1,56,1.5148,0.1244
13,13,local_market,-1,57,1.7659,0.1168
13,13,local_market,-1,60,1.5982,0.1219
13,13,local_market,-1,61,0.8652,0.1438
13,13,local_market,-1,62,2.9826,0.0803
13,13,local_market,-1,65,2.1193,0.1062
13,13,local_market,-1,66,2.0168,0.1093
13,13,local_market,-1,67,1.6837,0.1193
13,13,local_market,-1,68,1.1519,0.1352
13,13,local_market,-1,69,1.383,0.1283
13,13,local_market,-1,71,1.2829,0.1313
13,13,local_market,-1,72,2.1238,0.1061
13,13,local_market,-1,74,1.0446,0.1385
13,13,local_market,-1,77,0.6023,0.1517
13,13,local_market,-1,78,3.0,0.0798
13,13,local_market,-1,79,2.088,0.1072
13,13,local_market,-1,81,1.9058,0.1126
13,13,local_market,-1,83,1.4168,0.1273
13,13,local_market,-1,84,1.5778,0.1225
13,13,local_market,-1,85,2.3649,0.0989
13,13,local_market,-1,86,1.942,0.1115
13,13,local_market,-1,88,0.8289,0.1449
13,13,local_market,-1,89,0.689,0.1491
13,13,local_market,-1,90,2.4723,0.0956
13,13,local_market,-1,91,1.348,0.1294
13,13,local_market,-1,92,2.4434,0.0965
13,13,local_market,-1,94,1.0617,0.1379
13,13,local_market,-1,95,0.393,0.158
13,13,local_market,-1,96,1.41,0.1275
13,13,local_market,-1,97,1.5492,0.1233
13,13,local_market,-1,98,0.6142,0.1514
13,13,local_market,-1,99,1.196,0.1339
14,14,local_market,-1,0,1.8491,0.0988
14,14,local_market,-1,1,1.2402,0.1171
14,14,local_market,-1,2,1.5854,0.1067
14,14,local_market,-1,5,2.2547,0.0867
14,14,local_market,-1,6,2.3953,0.0824
14,14,local_market,-1,7,0.7945,0.1305
14,14,local_market,-1,8,0.8499,0.1288
14,14,local_market,-1,9,0.2843,0.1458
14,14,local_market,-1,10,0.9635,0.1254
14,14,local_market,-1,11,1.6362,0.1052
14,14,local_market,-1,12,0.0182,0.1538
14,14,local_market,-1,15,1.0386,0.1231
14,14,local_market,-1,16,2.9584,0.0655
14,14,local_market,-1,17,1.6229,0.1056
14,14,local_market,-1,19,2.112,0.0909
14,14,local_market,-1,20,1.872,0.0981
14,14,local_market,-1,21,1.5491,0.1078
14,14,local_market,-1,22,1.8388,0.0991
14,14,local_market,-1,24,1.0929,0.1215
14,14,local_market,-1,25,1.6191,0.1057
14,14,local_market,-1,26,1.5757,0.107
14,14,local_market,-1,27,3.0,0.0643
14,14,local_market,-1,28,1.1397,0.1201
14,14,local_market,-1,29,2.5041,0.0792
14,14,local_market,-1,30,1.6888,0.1036
14,14,local_market,-1,31,1.3195,0.1147
14,14,local_market,-1,32,2.5104,0.079
14,14,local_market,-1,33,1.132,0.1203
14,14,local_market,-1,34,1.7178,0.1028
14,14,local_market,-1,35,3.0,0.0643
14,14,local_market,-1,36,1.5606,0.1075
14,14,local_market,-1,37,1.0811,0.1219
14,14,local_market,-1,38,2.2416,0.0871
14,14,local_market,-1,39,3.0,0.0643
14,14,local_market,-1,40,1.3639,0.1134
14,14,local_market,-1,42,0.8782,0.128
14,14,local_market,-1,43,1.4783,0.1099
14,14,local_market,-1,44,1.5506,0.1078
14,14,local_market,-1,46,2.4028,0.0822
14,14,local_market,-1,47,2.5307,0.0784
14,14,local_market,-1,48,2.0075,0.0941
14,14,local_market,-1,49,1.4458,0.1109
14,14,local_market,-1,50,2.1015,0.0913
14,14,local_market,-1,51,0.6244,0.1356
14,14,local_market,-1,52,1.6237,0.1056
14,14,local_market,-1,54,1.7951,0.1004
14,14,local_market,-1,56,1.1531,0.1197
14,14,local_market,-1,57,1.3762,0.113
14,14,local_market,-1,59,2.3299,0.0844
14,14,local_market,-1,60,0.8107,0.13
14,14,local_market,-1,61,1.6177,0.1058
14,14,local_market,-1,62,1.3881,0.1127
14,14,local_market,-1,64,1.359,0.1135
14,14,local_market,-1,65,2.1945,0.0885
14,14,local_market,-1,66,3.0,0.0643
14,14,local_market,-1,67,1.3739,0.1131
14,14,local_market,-1,68,1.7282,0.1025
14,14,local_market,-1,69,1.61,0.106
14,14,local_market,-1,70,2.5047,0.0792
14,14,local_market,-1,71,2.2262,0.0875
14,14,local_market,-1,72,2.0565,0.0926
14,14,local_market,-1,73,1.0867,0.1217
14,14,local_market,-1,74,1.1526,0.1197
14,14,local_market,-1,77,1.5287,0.1084
14,14,local_market,-1,78,2.8106,0.07
14,14,local_market,-1,79,1.2884,0.1156
14,14,local_market,-1,81,1.3741,0.1131
14,14,local_market,-1,82,0.611,0.136
14,14,local_market,-1,83,1.8239,0.0996
14,14,local_market,-1,84,0.9769,0.125
14,14,local_market,-1,85,1.6648,0.1044
14,14,local_market,-1,86,1.869,0.0982
14,14,local_market,-1,88,1.6126,0.1059
14,14,local_market,-1,89,0.976,0.125
14,14,local_market,-1,90,1.275,0.116
14,14,local_market,-1,91,1.8973,0.0974
14,14,local_market,-1,92,1.5272,0.1085
14,14,local_market,-1,94,1.4095,0.112
14,14,local_market,-1,95,1.7854,0.1007
14,14,local_market,-1,96,1.7763,0.101
14,14,local_market,-1,97,1.3748,0.1131
14,14,local_market,-1,98,2.7067,0.0731
14,14,local_market,-1,99,0.9443,0.126
15,15,local_market,-1,0,0.9582,0.1199
15,15,local_market,-1,1,2.2601,0.0808
15,15,local_market,-1,2,1.2453,0.1112
15,15,local_market,-1,5,1.0049,0.1185
15,15,local_market,-1,6,1.8981,0.0917
15,15,local_market,-1,7,1.9008,0.0916
15,15,local_market,-1,8,1.0289,0.1177
15,15,local_market,-1,9,1.4378,0.1055
15,15,local_market,-1,10,1.0575,0.1169
15,15,local_market,-1,11,0.97,0.1195
15,15,local_market,-1,12,1.691,0.0979
15,15,local_market,-1,13,1.6318,0.0996
15,15,local_market,-1,14,1.6055,0.1004
15,15,local_market,-1,15,0.8322,0.1236
15,15,local_market,-1,16,2.3227,0.0789
15,15,local_market,-1,17,1.3012,0.1096
15,15,local_market,-1,18,2.3667,0.0776
15,15,local_market,-1,19,1.202,0.1125
15,15,local_market,-1,20,1.0398,0.1174
15,15,local_market,-1,21,2.316,0.0791
15,15,local_market,-1,22,0.6518,0.129
15,15,local_market,-1,24,0.9561,0.1199
15,15,local_market,-1,25,1.8946,0.0918
15,15,local_market,-1,26,1.047,0.1172
15,15,local_market,-1,27,2.4838,0.0741
15,15,local_market,-1,28,0.8427,0.1233
15,15,local_market,-1,29,1.7348,0.0966
15,15,local_market,-1,30,2.3263,0.0788
15,15,local_market,-1,31,1.2934,0.1098
15,15,local_market,-1,32,1.4785,0.1042
15,15,local_market,-1,33,1.0102,0.1183
15,15,local_market,-1,34,2.3646,0.0777
15,15,local_market,-1,35,2.6789,0.0682
15,15,local_market,-1,36,1.7416,0.0964
15,15,local_market,-1,37,1.5992,0.1006
15,15,local_market,-1,38,1.7826,0.0951
15,15,local_market,-1,39,1.0655,0.1166
15,15,local_market,-1,40,2.3264,0.0788
15,15,local_market,-1,41,0.7853,0.125
15,15,local_market,-1,42,1.1011,0.1156
15,15,local_market,-1,43,2.3009,0.0796
15,15,local_market,-1,44,0.8206,0.124
15,15,local_market,-1,46,0.9026,0.1215
15,15,local_market,-1,47,1.3227,0.1089
15,15,local_market,-1,48,1.6209,0.1
15,15,local_market,-1,49,0.9753,0.1193
15,15,local_market,-1,50,1.5081,0.1034
15,15,local_market,-1,51,1.5984,0.1006
15,15,local_market,-1,52,1.0211,0.118
15,15,local_market,-1,54,2.9463,0.0602
15,15,local_market,-1,55,1.409,0.1063
15,15,local_market,-1,56,1.2359,0.1115
15,15,local_market,-1,57,0.8456,0.1232
15,15,local_market,-1,59,2.5886,0.0709
15,15,local_market,-1,60,0.5009,0.1336
15,15,local_market,-1,61,0.8412,0.1234
15,15,local_market,-1,62,0.8609,0.1228
15,15,local_market,-1,63,0.9974,0.1187
15,15,local_market,-1,64,2.2776,0.0803
15,15,local_market,-1,65,1.5237,0.1029
15,15,local_market,-1,66,1.6613,0.0988
15,15,local_market,-1,67,1.1784,0.1132
15,15,local_market,-1,68,1.7645,0.0957
15,15,local_market,-1,69,1.1534,0.114
15,15,local_market,-1,70,1.0166,0.1181
15,15,local_market,-1,71,1.8683,0.0926
15,15,local_market,-1,72,2.4974,0.0737
15,15,local_market,-1,73,1.1168,0.1151
15,15,local_market,-1,74,1.1193,0.115
15,15,local_market,-1,75,0.1272,0.1448
15,15,local_market,-1,76,0.7693,0.1255
15,15,local_market,-1,77,1.1523,0.114
15,15,local_market,-1,78,1.329,0.1087
15,15,local_market,-1,79,1.8805,0.0922
15,15,local_market,-1,80,0.7699,0.1255
15,15,local_market,-1,81,1.5794,0.1012
15,15,local_market,-1,82,1.7389,0.0964
15,15,local_market,-1,83,2.0781,0.0863
15,15,local_market,-1,84,1.054,0.117
15,15,local_market,-1,85,1.1772,0.1133
15,15,local_market,-1,86,1.2298,0.1117
15,15,local_market,-1,87,1.539,0.1024
15,15,local_market,-1,88,1.0824,0.1161
15,15,local_market,-1,89,0.9866,0.119
15,15,local_market,-1,90,2.1051,0.0854
15,15,local_market,-1,91,1.2609,0.1108
15,15,local_market,-1,92,1.3975,0.1067
15,15,local_market,-1,93,0.1267,0.1448
15,15,local_market,-1,94,0.6556,0.1289
15,15,local_market,-1,95,1.232,0.1116
15,15,local_market,-1,96,1.3207,0.109
15,15,local_market,-1,97,1.3225,0.1089
15,15,local_market,-1,98,1.139,0.1144
15,15,local_market,-1,99,1.2299,0.1117
16,16,local_market,-1,0,1.2099,0.1312
16,16,local_market,-1,1,0.4093,0.1552
16,16,local_market,-1,2,1.0414,0.1363
16,16,local_market,-1,3,0.7274,0.1457
16,16,local_market,-1,5,0.4031,0.1554
16,16,local_market,-1,6,1.031,0.1366
16,16,local_market,-1,7,0.7463,0.1451
16,16,local_market,-1,8,0.45,0.154
16,16,local_market,-1,9,0.4179,0.155
16,16,local_market,-1,10,0.3102,0.1582
16,16,local_market,-1,11,0.5457,0.1511
16,16,local_market,-1,12,0.3476,0.1571
16,16,local_market,-1,13,0.2275,0.1607
16,16,local_market,-1,14,0.5346,0.1515
16,16,local_market,-1,15,0.9593,0.1387
16,16,local_market,-1,16,0.8866,0.1409
16,16,local_market,-1,17,1.1714,0.1324
16,16,local_market,-1,18,0.7555,0.1448
16,16,local_market,-1,19,0.687,0.1469
16,16,local_market,-1,20,0.5121,0.1521
16,16,local_market,-1,21,0.3978,0.1556
16,16,local_market,-1,22,0.7383,0.1454
16,16,local_market,-1,23,0.6798,0.1471
16,16,local_market,-1,24,0.7632,0.1446
16,16,local_market,-1,25,0.8603,0.1417
16,16,local_market,-1,26,0.3023,0.1584
16,16,local_market,-1,27,1.4401,0.1243
16,16,local_market,-1,28,0.5674,0.1505
16,16,local_market,-1,29,0.8707,0.1414
16,16,local_market,-1,30,1.3705,0.1264
16,16,local_market,-1,31,0.3904,0.1558
16,16,local_market,-1,32,1.1735,0.1323
16,16,local_market,-1,33,0.4678,0.1535
16,16,local_market,-1,34,0.7312,0.1456
16,16,local_market,-1,35,0.6202,0.1489
16,16,local_market,-1,36,1.3047,0.1284
16,16,local_market,-1,37,0.8045,0.1434
16,16,local_market,-1,38,0.6079,0.1493
16,16,local_market,-1,39,0.2791,0.1591
16,16,local_market,-1,40,0.6084,0.1492
16,16,local_market,-1,41,1.1596,0.1327
16,16,local_market,-1,42,0.5632,0.1506
16,16,local_market,-1,43,0.6564,0.1478
16,16,local_market,-1,44,1.0325,0.1365
16,16,local_market,-1,46,1.5704,0.1204
16,16,local_market,-1,47,0.5186,0.1519
16,16,local_market,-1,48,0.3409,0.1573
16,16,local_market,-1,49,0.4639,0.1536
16,16,local_market,-1,50,0.6046,0.1494
16,16,local_market,-1,51,0.7227,0.1458
16,16,local_market,-1,52,1.2539,0.1299
16,16,local_market,-1,53,0.0482,0.1661
16,16,local_market,-1,54,1.6378,0.1184
16,16,local_market,-1,55,1.1482,0.1331
16,16,local_market,-1,56,0.5042,0.1524
16,16,local_market,-1,57,0.409,0.1552
16,16,local_market,-1,59,1.3298,0.1276
16,16,local_market,-1,60,0.3965,0.1556
16,16,local_market,-1,61,0.8758,0.1412
16,16,local_market,-1,62,0.6324,0.1485
16,16,local_market,-1,63,0.5995,0.1495
16,16,local_market,-1,64,1.7451,0.1151
16,16,local_market,-1,65,1.1331,0.1335
16,16,local_market,-1,66,0.5533,0.1509
16,16,local_market,-1,67,0.5749,0.1503
16,16,local_market,-1,68,0.4086,0.1552
16,16,local_market,-1,69,0.3064,0.1583
16,16,local_market,-1,70,0.5101,0.1522
16,16,local_market,-1,71,1.1023,0.1344
16,16,local_market,-1,72,1.2348,0.1305
16,16,local_market,-1,73,1.1893,0.1318
16,16,local_market,-1,74,0.2145,0.1611
16,16,local_market,-1,75,1.0858,0.1349
16,16,local_market,-1,76,0.3792,0.1561
16,16,local_market,-1,77,0.512,0.1521
16,16,local_market,-1,78,0.3753,0.1562
16,16,local_market,-1,79,0.4513,0.154
16,16,local_market,-1,80,0.8212,0.1429
16,16,local_market,-1,81,1.6337,0.1185
16,16,local_market,-1,82,1.0018,0.1374
16,16,local_market,-1,83,0.6011,0.1495
16,16,local_market,-1,84,0.2847,0.159
16,16,local_market,-1,85,0.8904,0.1408
16,16,local_market,-1,86,0.8065,0.1433
16,16,local_market,-1,87,0.8932,0.1407
16,16,local_market,-1,88,0.6804,0.1471
16,16,local_market,-1,89,0.8971,0.1406
16,16,local_market,-1,90,0.9385,0.1393
16,16,local_market,-1,91,0.295,0.1587
16,16,local_market,-1,92,1.1185,0.1339
16,16,local_market,-1,93,0.6942,0.1467
16,16,local_market,-1,94,0.6006,0.1495
16,16,local_market,-1,95,0.7881,0.1439
16,16,local_market,-1,96,0.4841,0.153
16,16,local_market,-1,97,0.9702,0.1384
16,16,local_market,-1,98,1.2123,0.1311
16,16,local_market,-1,99,0.6169,0.149
17,17,p2p,39,16,0.0281,0.1762
17,17,p2p,39,19,0.0927,0.1762
17,17,p2p,39,22,0.0673,0.1762
17,17,p2p,39,34,0.0648,0.1762
17,17,p2p,39,67,0.0308,0.1762
17,17,p2p,39,91,0.0459,0.1762
17,17,p2p,39,5,0.0965,0.1765
17,17,p2p,66,29,0.189,0.1758
17,17,p2p,66,60,0.1625,0.1759
17,17,p2p,66,9,0.0607,0.1761
17,17,p2p,28,9,0.0196,0.1752
17,17,p2p,28,33,0.1529,0.1754
17,17,p2p,32,97,0.1024,0.1758
17,17,p2p,32,85,0.1967,0.1758
17,17,p2p,32,88,0.1679,0.1759
17,17,p2p,81,24,0.1624,0.1757
17,17,p2p,81,11,0.1127,0.1759
17,17,p2p,81,20,0.0528,0.176
17,17,p2p,81,43,0.022,0.1763
17,17,p2p,81,42,0.0549,0.1764
17,17,p2p,81,48,0.1119,0.1768
17,17,p2p,72,68,0.0305,0.1764
17,17,p2p,71,68,0.1642,0.1763
17,17,p2p,62,57,0.0195,0.1765
17,17,p2p,62,78,0.1085,0.1767
17,17,p2p,62,38,0.0339,0.1767
17,17,p2p,62,69,0.109,0.1768
17,17,p2p,62,51,0.0887,0.1768
17,17,p2p,83,51,0.1773,0.1766
17,17,p2p,83,56,0.057,0.1768
17,17,p2p,83,84,0.0938,0.1771
17,17,p2p,92,84,0.0352,0.1762
17,17,p2p,92,65,0.0148,0.1762
17,17,p2p,79,65,0.1248,0.1754
17,17,p2p,79,49,0.056,0.1755
17,17,local_market,-1,6,0.1674,0.1827
17,17,local_market,-1,49,0.0294,0.1868
17,17,local_market,-1,52,0.2603,0.1799
17,17,local_market,-1,89,0.0951,0.1848
18,18,p2p,32,80,1.274,0.2262
18,18,p2p,32,63,1.3667,0.2267
18,18,p2p,39,63,1.6333,0.2266
18,18,p2p,39,64,0.162,0.2266
18,18,p2p,78,64,1.9948,0.2263
18,18,p2p,83,64,0.8432,0.2259
18,18,p2p,83,76,0.8317,0.2259
18,18,p2p,81,76,2.1683,0.2258
18,18,p2p,81,82,0.183,0.2258
18,18,p2p,66,82,2.3739,0.2252
18,18,p2p,79,82,0.4431,0.2232
18,18,local_market,5,-1,1.4847,0.2651
18,18,local_market,8,-1,0.6979,0.2415
18,18,local_market,16,-1,1.2328,0.2576
18,18,local_market,20,-1,0.7903,0.2443
18,18,local_market,28,-1,0.9279,0.2484
18,18,local_market,42,-1,0.4848,0.2351
18,18,local_market,52,-1,1.1133,0.254
18,18,local_market,57,-1,0.4795,0.235
18,18,local_market,60,-1,0.6043,0.2387
18,18,local_market,62,-1,1.1003,0.2536
18,18,local_market,67,-1,0.7274,0.2424
18,18,local_market,71,-1,1.2828,0.2591
18,18,local_market,72,-1,1.6889,0.2713
18,18,local_market,79,-1,1.4645,0.2645
18,18,local_market,92,-1,1.4671,0.2646
19,19,p2p,32,12,2.9646,0.2529
19,19,p2p,78,12,0.0354,0.2529
19,19,p2p,78,13,2.768,0.2529
19,19,p2p,83,13,0.232,0.2529
19,19,p2p,83,35,1.8008,0.2529
19,19,p2p,72,35,1.1992,0.2519
19,19,p2p,72,45,0.9318,0.2519
19,19,p2p,16,45,1.8438,0.251
19,19,p2p,39,45,0.2244,0.251
19,19,p2p,39,46,1.7443,0.251
19,19,p2p,79,46,1.2557,0.2508
19,19,p2p,79,54,0.8885,0.2508
19,19,p2p,81,54,2.1115,0.2504
19,19,p2p,81,70,0.2647,0.2504
19,19,p2p,66,70,2.4464,0.2504
19,19,p2p,5,70,0.289,0.2489
19,19,local_market,5,-1,1.3536,0.2885
19,19,local_market,8,-1,0.9348,0.2759
19,19,local_market,20,-1,0.8265,0.2727
19,19,local_market,28,-1,1.1026,0.281
19,19,local_market,42,-1,0.7382,0.27
19,19,local_market,52,-1,1.1167,0.2814
19,19,local_market,57,-1,0.7122,0.2693
19,19,local_market,60,-1,0.6793,0.2683
19,19,local_market,62,-1,1.3166,0.2874
19,19,local_market,67,-1,0.9129,0.2753
19,19,local_market,71,-1,1.2668,0.2859
19,19,local_market,92,-1,1.587,0.2955
20,20,p2p,32,17,0.383,0.2327
20,20,p2p,32,18,1.8981,0.2348
20,20,p2p,78,18,1.1019,0.2348
20,20,p2p,78,23,1.3698,0.2348
20,20,p2p,79,23,1.6302,0.234
20,20,p2p,79,25,0.3553,0.234
20,20,p2p,66,25,2.1917,0.2337
20,20,p2p,81,25,0.453,0.2325
20,20,p2p,81,30,1.877,0.2325
20,20,p2p,92,30,1.123,0.2316
20,20,p2p,92,34,0.5513,0.2316
20,20,p2p,39,34,2.0759,0.2314
20,20,p2p,71,34,0.3727,0.2311
20,20,p2p,71,53,1.0916,0.2311
20,20,p2p,83,53,1.8914,0.2302
20,20,p2p,28,53,0.017,0.23
20,20,p2p,28,75,1.142,0.23
20,20,p2p,72,75,1.858,0.2296
20,20,p2p,72,93,0.0418,0.2296
20,20,p2p,5,93,1.7249,0.2288
20,20,p2p,8,93,0.8587,0.2285
20,20,p2p,16,93,0.3746,0.228
20,20,local_market,16,-1,1.107,0.2612
20,20,local_market,20,-1,0.6573,0.2477
20,20,local_market,42,-1,0.5887,0.2457
20,20,local_market,52,-1,1.0854,0.2606
20,20,local_market,57,-1,0.5115,0.2433
20,20,local_market,60,-1,0.6354,0.2471
20,20,local_market,62,-1,1.0901,0.2607
20,20,local_market,67,-1,0.6751,0.2483
21,21,p2p,81,65,1.2051,0.2089
21,21,p2p,81,59,0.7862,0.2094
21,21,p2p,83,59,1.8933,0.208
21,21,p2p,83,36,0.0115,0.208
21,21,p2p,32,36,2.2619,0.2075
21,21,p2p,78,36,0.3822,0.2067
21,21,p2p,78,2,1.4574,0.2085
21,21,p2p,79,2,1.1961,0.2084
21,21,p2p,79,3,0.3193,0.2084
21,21,p2p,66,3,1.8532,0.2082
21,21,p2p,39,3,0.4112,0.2074
21,21,p2p,39,17,1.15,0.2074
21,21,p2p,62,17,1.2074,0.2063
21,21,p2p,28,17,0.3269,0.2057
21,21,p2p,28,27,0.6505,0.2057
21,21,p2p,16,27,1.0711,0.2056
21,21,p2p,72,27,0.9529,0.2053
21,21,p2p,72,29,0.3616,0.2053
21,21,p2p,5,29,1.2456,0.2048
21,21,p2p,92,29,1.0513,0.2047
21,21,p2p,92,40,0.1091,0.2047
21,21,p2p,67,40,0.6639,0.2038
21,21,p2p,8,40,0.6675,0.2031
21,21,p2p,42,40,0.4506,0.203
21,21,p2p,60,40,0.5421,0.2029
21,21,p2p,71,40,0.4871,0.2027
21,21,p2p,71,88,0.5033,0.2027
21,21,p2p,52,88,1.0396,0.2025
21,21,p2p,20,88,0.628,0.2009
21,21,p2p,57,88,0.4682,0.2003
22,22,p2p,32,51,0.4974,0.1718
22,22,p2p,32,73,1.1069,0.1726
22,22,p2p,81,73,0.7865,0.1706
22,22,p2p,81,15,0.5748,0.1709
22,22,p2p,66,15,1.3144,0.1707
22,22,p2p,66,55,0.2839,0.1714
22,22,p2p,78,55,1.2977,0.1712
22,22,p2p,83,55,0.4162,0.1709
22,22,p2p,83,77,0.8651,0.1713
22,22,p2p,72,77,1.0144,0.1711
22,22,p2p,72,98,0.1206,0.1713
22,22,p2p,16,98,0.9491,0.1709
22,22,p2p,5,98,0.831,0.1707
22,22,p2p,39,98,0.1062,0.1701
22,22,p2p,39,47,1.0657,0.1706
22,22,p2p,92,47,0.7868,0.1704
22,22,p2p,71,47,0.1422,0.17
22,22,p2p,71,1,0.5914,0.1715
22,22,p2p,28,1,0.6286,0.1713
22,22,p2p,62,1,0.7898,0.171
22,22,p2p,62,6,0.0206,0.1712
22,22,p2p,52,6,0.7258,0.1712
22,22,p2p,79,6,0.9951,0.1709
22,22,p2p,67,6,0.4005,0.17
22,22,p2p,67,90,0.095,0.1704
22,22,p2p,60,90,0.3789,0.1697
22,22,p2p,8,90,0.4769,0.169
22,22,p2p,20,90,0.4663,0.1689
22,22,p2p,57,90,0.3751,0.1687
22,22,p2p,42,90,0.3918,0.1684
23,23,p2p,78,9,0.7973,0.1279
23,23,p2p,66,9,0.7959,0.1278
23,23,p2p,39,4,0.7186,0.1273
23,23,p2p,81,4,0.7573,0.1269
23,23,p2p,81,50,0.121,0.1269
23,23,p2p,32,50,0.9636,0.1267
23,23,p2p,32,14,0.0492,0.1271
23,23,p2p,83,14,0.7908,0.1271
23,23,p2p,5,14,0.5421,0.127
23,23,p2p,92,14,0.1363,0.1267
23,23,p2p,92,86,0.3271,0.1268
23,23,p2p,62,86,0.3833,0.1263
23,23,p2p,72,86,0.6449,0.1262
23,23,p2p,8,86,0.1599,0.126
23,23,p2p,8,43,0.1503,0.1267
23,23,p2p,71,43,0.5114,0.1267
23,23,p2p,57,43,0.25,0.1265
23,23,p2p,79,43,0.5381,0.1264
23,23,p2p,79,68,0.1213,0.127
23,23,p2p,52,68,0.3477,0.1269
23,23,p2p,42,68,0.25,0.1269
23,23,p2p,67,68,0.25,0.1268
23,23,p2p,82,68,0.3423,0.1266
23,23,p2p,13,68,0.1936,0.1261
23,23,p2p,16,61,0.4781,0.1265
23,23,p2p,20,61,0.3048,0.1262
23,23,p2p,28,61,0.4138,0.1262
23,23,p2p,60,61,0.25,0.1253
