Timestep,Hour,Trade_Type,Buyer_ID,Seller_ID,Quantity_kWh,Price_Euro_kWh
0,0,p2p,84,37,0.6107,0.1034
0,0,p2p,91,37,0.6058,0.103
0,0,p2p,92,37,0.4384,0.1024
0,0,p2p,2,37,0.5386,0.1024
0,0,p2p,15,37,0.3307,0.1024
0,0,p2p,55,37,0.4118,0.1023
0,0,p2p,70,37,0.0639,0.1023
0,0,p2p,70,68,0.2673,0.1037
0,0,p2p,4,68,0.25,0.1035
0,0,p2p,82,68,0.25,0.1034
0,0,p2p,22,68,0.3117,0.1032
0,0,p2p,30,68,0.3969,0.1032
0,0,p2p,64,68,0.4477,0.1032
0,0,p2p,93,68,0.4598,0.103
0,0,p2p,32,68,0.4832,0.1028
0,0,p2p,81,68,0.1334,0.1025
0,0,local_market,31,-1,0.2834,0.1315
0,0,local_market,59,-1,0.25,0.1315
0,0,local_market,79,-1,0.2658,0.1315
0,0,local_market,81,-1,0.1167,0.1315
1,1,p2p,93,53,0.5151,0.0964
1,1,p2p,64,53,0.3611,0.0957
1,1,p2p,92,53,0.3527,0.0956
1,1,p2p,55,53,0.3061,0.0954
1,1,p2p,2,53,0.4695,0.0953
1,1,p2p,79,53,0.25,0.0951
1,1,p2p,32,53,0.4289,0.0951
1,1,p2p,32,25,0.0198,0.0964
1,1,p2p,4,25,0.25,0.0963
1,1,p2p,70,25,0.2713,0.0963
1,1,p2p,30,25,0.33,0.0961
1,1,p2p,31,25,0.2993,0.0961
1,1,p2p,91,25,0.4447,0.096
1,1,p2p,84,25,0.4983,0.0958
1,1,p2p,15,25,0.3322,0.0956
1,1,local_market,22,-1,0.25,0.1238
1,1,local_market,59,-1,0.25,0.1238
1,1,local_market,81,-1,0.25,0.1238
1,1,local_market,82,-1,0.25,0.1238
2,2,p2p,93,60,0.5318,0.0948
2,2,p2p,84,60,0.5085,0.0947
2,2,p2p,2,60,0.4679,0.0946
2,2,p2p,64,60,0.4141,0.0942
2,2,p2p,55,60,0.2747,0.094
2,2,p2p,32,60,0.4621,0.0938
2,2,p2p,81,60,0.25,0.0936
2,2,p2p,4,60,0.0908,0.0936
2,2,p2p,4,40,0.1592,0.094
2,2,p2p,82,40,0.25,0.0939
2,2,p2p,91,40,0.436,0.0938
2,2,p2p,92,40,0.3364,0.0938
2,2,p2p,22,40,0.265,0.0938
2,2,p2p,15,40,0.3344,0.0935
2,2,p2p,59,40,0.2567,0.0935
2,2,p2p,30,40,0.3458,0.0933
2,2,p2p,31,40,0.25,0.0932
2,2,p2p,70,40,0.3023,0.0932
2,2,p2p,79,40,0.0641,0.0929
2,2,local_market,79,-1,0.1859,0.1232
3,3,p2p,84,96,0.3259,0.0888
3,3,p2p,84,18,0.2456,0.0961
3,3,p2p,93,18,0.4487,0.0957
3,3,p2p,2,18,0.4176,0.0953
3,3,p2p,91,18,0.4849,0.0943
3,3,p2p,32,18,0.3784,0.0943
3,3,p2p,64,18,0.3364,0.0941
3,3,p2p,70,18,0.2879,0.094
3,3,p2p,82,18,0.25,0.094
3,3,p2p,15,18,0.0335,0.0939
3,3,p2p,15,19,0.3279,0.0958
3,3,p2p,4,19,0.25,0.0957
3,3,local_market,22,-1,0.25,0.1242
3,3,local_market,30,-1,0.2678,0.1242
3,3,local_market,31,-1,0.25,0.1242
3,3,local_market,55,-1,0.334,0.1242
3,3,local_market,59,-1,0.25,0.1242
3,3,local_market,79,-1,0.25,0.1242
3,3,local_market,81,-1,0.25,0.1242
3,3,local_market,92,-1,0.4205,0.1242
4,4,p2p,91,33,0.5128,0.1022
4,4,p2p,64,33,0.445,0.1017
4,4,p2p,2,33,0.4636,0.1017
4,4,p2p,93,33,0.4402,0.1015
4,4,p2p,93,96,0.129,0.1023
4,4,p2p,15,96,0.4047,0.1023
4,4,p2p,32,96,0.416,0.1022
4,4,p2p,84,96,0.6105,0.102
4,4,p2p,70,96,0.3131,0.1018
4,4,p2p,55,96,0.3363,0.1014
4,4,p2p,30,96,0.1727,0.1012
4,4,p2p,30,65,0.2386,0.102
4,4,p2p,82,65,0.25,0.102
4,4,p2p,4,65,0.25,0.1019
4,4,p2p,92,65,0.4359,0.1019
4,4,p2p,31,65,0.2941,0.1019
4,4,p2p,81,65,0.25,0.1018
4,4,p2p,22,65,0.2571,0.1017
4,4,p2p,79,65,0.2939,0.1013
4,4,p2p,59,65,0.2665,0.1012
5,5,p2p,91,26,0.5681,0.1274
5,5,p2p,91,5,0.3488,0.1321
5,5,p2p,84,5,0.8845,0.1311
5,5,p2p,2,5,0.7214,0.131
5,5,p2p,2,72,0.0299,0.1315
5,5,p2p,30,72,0.4692,0.1302
5,5,p2p,64,72,0.6919,0.1302
5,5,p2p,93,72,0.6785,0.1302
5,5,p2p,93,41,0.0158,0.1305
5,5,p2p,31,41,0.4084,0.1304
5,5,p2p,15,41,0.5651,0.1304
5,5,p2p,92,41,0.5394,0.1303
5,5,p2p,55,41,0.3561,0.1303
5,5,p2p,55,76,0.2137,0.1304
5,5,p2p,22,76,0.517,0.1302
5,5,p2p,79,76,0.415,0.1301
5,5,p2p,70,76,0.5583,0.1296
5,5,p2p,32,76,0.1645,0.1295
5,5,p2p,32,6,0.5835,0.1302
5,5,p2p,81,6,0.387,0.1295
5,5,p2p,82,6,0.25,0.1293
5,5,p2p,4,6,0.25,0.1291
5,5,p2p,59,6,0.4373,0.1291
6,6,p2p,84,97,1.0711,0.1915
6,6,p2p,84,20,0.6398,0.1919
6,6,p2p,93,20,0.5634,0.1912
6,6,p2p,93,73,0.8547,0.1913
6,6,p2p,2,73,0.3009,0.19
6,6,p2p,2,43,1.0295,0.1904
6,6,p2p,2,77,0.083,0.1909
6,6,p2p,92,77,0.9505,0.1904
6,6,p2p,92,90,0.2782,0.1906
6,6,p2p,91,90,0.7977,0.1905
6,6,p2p,91,42,0.5193,0.1905
6,6,p2p,32,42,0.5076,0.1898
6,6,p2p,32,50,0.6946,0.1898
6,6,p2p,31,50,0.5105,0.1896
6,6,p2p,31,13,0.3095,0.1897
6,6,p2p,64,13,0.7205,0.1889
6,6,p2p,64,62,0.5694,0.1891
6,6,p2p,55,62,0.6025,0.1886
6,6,p2p,55,57,0.2998,0.1888
6,6,p2p,30,57,0.1035,0.1887
6,6,p2p,30,9,0.9339,0.1889
6,6,p2p,59,9,0.2289,0.1888
6,6,p2p,59,94,0.5405,0.1891
6,6,p2p,70,94,0.6345,0.1889
6,6,p2p,70,23,0.3471,0.189
6,6,p2p,18,23,0.5272,0.1888
6,6,p2p,79,23,0.32,0.1878
6,6,p2p,79,51,0.4715,0.1879
6,6,p2p,15,51,0.5872,0.1878
6,6,p2p,15,80,0.4255,0.1881
6,6,p2p,22,80,0.6031,0.188
6,6,p2p,22,27,0.1111,0.1888
6,6,p2p,4,27,0.4083,0.1887
6,6,p2p,68,27,0.213,0.1883
6,6,p2p,82,27,0.4127,0.1881
6,6,p2p,82,45,0.0229,0.1885
6,6,p2p,96,45,0.2603,0.1883
6,6,p2p,37,45,0.2088,0.1882
6,6,p2p,60,45,0.5967,0.1878
6,6,p2p,81,71,0.7046,0.1879
6,6,p2p,17,71,0.0255,0.1875
6,6,p2p,65,71,0.0241,0.1862
6,6,p2p,40,71,0.2805,0.1862
7,7,p2p,37,79,0.0739,0.2223
7,7,p2p,37,88,0.4934,0.2249
7,7,p2p,37,63,0.7637,0.2254
7,7,p2p,37,14,0.0598,0.2257
7,7,p2p,18,14,0.4148,0.225
7,7,p2p,18,85,0.4295,0.2252
7,7,p2p,18,61,0.3631,0.2252
7,7,p2p,65,61,0.4544,0.2235
7,7,p2p,65,35,0.4229,0.2236
7,7,p2p,40,35,0.2273,0.223
7,7,p2p,40,78,0.7627,0.2235
7,7,p2p,92,78,0.0263,0.2231
7,7,p2p,92,8,0.6234,0.2232
7,7,p2p,92,26,0.0497,0.2233
7,7,p2p,2,26,0.4082,0.2233
7,7,p2p,2,83,0.3525,0.2235
7,7,p2p,96,83,0.4027,0.2235
7,7,p2p,96,97,0.4619,0.2235
7,7,p2p,96,19,0.5433,0.2236
7,7,p2p,96,87,0.1841,0.224
7,7,p2p,6,87,0.3214,0.2233
7,7,p2p,6,57,0.4367,0.2233
7,7,p2p,53,57,0.2134,0.2233
7,7,p2p,53,10,0.6386,0.2234
7,7,p2p,53,56,0.2667,0.2234
7,7,p2p,68,56,0.5631,0.2231
7,7,p2p,68,7,0.3346,0.2232
7,7,p2p,84,7,0.4074,0.2226
7,7,p2p,84,38,0.3004,0.2229
7,7,p2p,60,38,0.701,0.2223
7,7,p2p,60,43,0.1927,0.2223
7,7,p2p,5,43,0.3074,0.222
7,7,p2p,76,75,0.5113,0.2223
7,7,p2p,32,75,0.1018,0.2222
7,7,p2p,32,3,0.7727,0.2222
7,7,p2p,32,12,0.1036,0.2224
7,7,p2p,25,12,0.5274,0.2222
7,7,p2p,33,12,0.2393,0.2219
7,7,p2p,33,21,0.455,0.2225
7,7,p2p,33,86,0.076,0.2225
7,7,p2p,22,86,0.1932,0.2224
7,7,p2p,4,86,0.0843,0.222
7,7,p2p,59,86,0.1952,0.222
7,7,p2p,59,67,0.1765,0.2223
7,7,p2p,81,67,0.2697,0.222
7,7,p2p,72,67,0.0941,0.2219
7,7,p2p,30,16,0.3686,0.2218
7,7,p2p,55,16,0.1921,0.2218
7,7,p2p,55,49,0.1503,0.2221
7,7,p2p,46,49,0.1353,0.2219
7,7,p2p,31,49,0.1966,0.2216
7,7,p2p,15,49,0.4295,0.2215
7,7,p2p,15,74,0.1327,0.2215
7,7,p2p,64,74,0.2827,0.2211
7,7,p2p,70,74,0.2242,0.2207
7,7,p2p,17,74,0.2353,0.2204
7,7,p2p,82,74,0.0894,0.2204
7,7,p2p,93,74,0.0297,0.2203
7,7,p2p,93,0,0.213,0.2206
7,7,p2p,91,0,0.2402,0.2202
7,7,p2p,58,0,0.2241,0.2202
7,7,p2p,73,0,0.0165,0.2196
8,8,p2p,40,79,0.1579,0.2064
8,8,p2p,40,92,0.1327,0.2079
8,8,p2p,62,92,0.0155,0.2068
8,8,p2p,2,92,0.0172,0.2051
8,8,local_market,-1,4,0.2372,0.1881
8,8,local_market,-1,15,0.2186,0.1881
8,8,local_market,-1,22,0.8203,0.1881
8,8,local_market,-1,31,0.8601,0.1881
8,8,local_market,-1,32,0.6133,0.1881
8,8,local_market,-1,55,0.3553,0.1881
8,8,local_market,-1,59,0.5163,0.1881
8,8,local_market,-1,64,1.1788,0.1881
8,8,local_market,-1,70,0.338,0.1881
8,8,local_market,-1,81,0.8228,0.1881
8,8,local_market,-1,82,0.6687,0.1881
8,8,local_market,-1,84,0.3088,0.1881
8,8,local_market,-1,91,0.6574,0.1881
8,8,local_market,-1,92,0.3152,0.1881
8,8,local_market,-1,93,1.0195,0.1881
9,9,local_market,-1,2,1.4245,0.1552
9,9,local_market,-1,4,0.9201,0.1552
9,9,local_market,-1,15,1.9199,0.1552
9,9,local_market,-1,22,1.8052,0.1552
9,9,local_market,-1,30,1.9646,0.1552
9,9,local_market,-1,31,1.4146,0.1552
9,9,local_market,-1,32,2.0405,0.1552
9,9,local_market,-1,55,2.2294,0.1552
9,9,local_market,-1,59,1.7156,0.1552
9,9,local_market,-1,64,1.2063,0.1552
9,9,local_market,-1,70,1.827,0.1552
9,9,local_market,-1,79,1.666,0.1552
9,9,local_market,-1,81,1.5671,0.1552
9,9,local_market,-1,82,0.7394,0.1552
9,9,local_market,-1,84,1.6081,0.1552
9,9,local_market,-1,91,2.4971,0.1552
9,9,local_market,-1,92,1.2789,0.1552
9,9,local_market,-1,93,0.8836,0.1552
10,10,local_market,-1,2,2.8656,0.127
10,10,local_market,-1,4,1.5424,0.127
10,10,local_market,-1,15,2.7448,0.127
10,10,local_market,-1,22,1.9557,0.127
10,10,local_market,-1,30,2.8478,0.127
10,10,local_market,-1,31,2.1807,0.127
10,10,local_market,-1,32,3.0,0.127
10,10,local_market,-1,55,2.0783,0.127
10,10,local_market,-1,59,2.2679,0.127
10,10,local_market,-1,64,1.7966,0.127
10,10,local_market,-1,70,1.4397,0.127
10,10,local_market,-1,79,2.1801,0.127
10,10,local_market,-1,81,2.0997,0.127
10,10,local_market,-1,82,1.146,0.127
10,10,local_market,-1,84,2.5037,0.127
10,10,local_market,-1,91,3.0,0.127
10,10,local_market,-1,92,1.3326,0.127
10,10,local_market,-1,93,3.0,0.127
11,11,local_market,-1,2,3.0,0.1583
11,11,local_market,-1,4,1.1565,0.1583
11,11,local_market,-1,15,2.5734,0.1583
11,11,local_market,-1,22,3.0,0.1583
11,11,local_market,-1,30,2.6797,0.1583
11,11,local_market,-1,31,1.9474,0.1583
11,11,local_market,-1,32,3.0,0.1583
11,11,local_market,-1,55,1.5456,0.1583
11,11,local_market,-1,59,1.6417,0.1583
11,11,local_market,-1,64,2.6873,0.1583
11,11,local_market,-1,70,1.4369,0.1583
11,11,local_market,-1,79,1.9236,0.1583
11,11,local_market,-1,81,2.2128,0.1583
11,11,local_market,-1,82,1.1154,0.1583
11,11,local_market,-1,84,2.9379,0.1583
11,11,local_market,-1,91,2.7617,0.1583
11,11,local_market,-1,92,3.0,0.1583
11,11,local_market,-1,93,3.0,0.1583
12,12,local_market,-1,2,3.0,0.161
12,12,local_market,-1,4,1.1942,0.161
12,12,local_market,-1,10,1.0845,0.161
12,12,local_market,-1,15,2.1304,0.161
12,12,local_market,-1,21,0.9524,0.161
12,12,local_market,-1,22,2.8419,0.161
12,12,local_market,-1,24,0.1278,0.161
12,12,local_market,-1,28,0.3449,0.161
12,12,local_market,-1,30,2.372,0.161
12,12,local_market,-1,31,2.6688,0.161
12,12,local_market,-1,32,2.7483,0.161
12,12,local_market,-1,36,0.1026,0.161
12,12,local_market,-1,38,0.8866,0.161
12,12,local_market,-1,39,0.3413,0.161
12,12,local_market,-1,44,0.7971,0.161
12,12,local_market,-1,46,0.5592,0.161
12,12,local_market,-1,47,0.683,0.161
12,12,local_market,-1,48,0.9977,0.161
12,12,local_market,-1,49,0.8479,0.161
12,12,local_market,-1,52,1.1699,0.161
12,12,local_market,-1,55,2.1285,0.161
12,12,local_market,-1,58,0.7941,0.161
12,12,local_market,-1,59,2.8545,0.161
12,12,local_market,-1,64,2.3642,0.161
12,12,local_market,-1,66,0.5713,0.161
12,12,local_market,-1,69,0.6446,0.161
12,12,local_market,-1,70,3.0,0.161
12,12,local_market,-1,79,2.4968,0.161
12,12,local_market,-1,81,1.9957,0.161
12,12,local_market,-1,82,0.8924,0.161
12,12,local_market,-1,84,3.0,0.161
12,12,local_market,-1,85,0.079,0.161
12,12,local_market,-1,88,0.1414,0.161
12,12,local_market,-1,91,2.9944,0.161
12,12,local_market,-1,92,2.6971,0.161
12,12,local_market,-1,93,3.0,0.161
12,12,local_market,-1,95,0.0473,0.161
12,12,local_market,-1,98,0.3757,0.161
13,13,local_market,-1,1,0.8634,0.1407
13,13,local_market,-1,2,3.0,0.1407
13,13,local_market,-1,4,1.2232,0.1407
13,13,local_market,-1,7,1.1991,0.1407
13,13,local_market,-1,10,2.1359,0.1407
13,13,local_market,-1,11,1.0172,0.1407
13,13,local_market,-1,13,0.0164,0.1407
13,13,local_market,-1,14,1.9391,0.1407
13,13,local_market,-1,15,2.0777,0.1407
13,13,local_market,-1,17,1.3514,0.1407
13,13,local_market,-1,21,1.8792,0.1407
13,13,local_market,-1,22,1.5755,0.1407
13,13,local_market,-1,24,1.0633,0.1407
13,13,local_market,-1,26,1.6807,0.1407
13,13,local_market,-1,28,1.0945,0.1407
13,13,local_market,-1,29,0.3289,0.1407
13,13,local_market,-1,30,2.0087,0.1407
13,13,local_market,-1,31,2.9375,0.1407
13,13,local_market,-1,32,2.8316,0.1407
13,13,local_market,-1,34,0.6377,0.1407
13,13,local_market,-1,36,1.272,0.1407
13,13,local_market,-1,38,1.6383,0.1407
13,13,local_market,-1,39,1.5146,0.1407
13,13,local_market,-1,44,1.0983,0.1407
13,13,local_market,-1,46,1.5876,0.1407
13,13,local_market,-1,47,1.4821,0.1407
13,13,local_market,-1,48,1.913,0.1407
13,13,local_market,-1,49,2.8893,0.1407
13,13,local_market,-1,52,1.2133,0.1407
13,13,local_market,-1,54,0.6166,0.1407
13,13,local_market,-1,55,2.1495,0.1407
13,13,local_market,-1,56,0.5217,0.1407
13,13,local_market,-1,57,0.1022,0.1407
13,13,local_market,-1,58,1.0189,0.1407
13,13,local_market,-1,59,1.7314,0.1407
13,13,local_market,-1,60,1.0103,0.1407
13,13,local_market,-1,61,1.0057,0.1407
13,13,local_market,-1,63,1.13,0.1407
13,13,local_market,-1,64,1.516,0.1407
13,13,local_market,-1,66,2.0985,0.1407
13,13,local_market,-1,69,2.1204,0.1407
13,13,local_market,-1,70,2.2434,0.1407
13,13,local_market,-1,74,1.3354,0.1407
13,13,local_market,-1,75,1.0409,0.1407
13,13,local_market,-1,78,1.0941,0.1407
13,13,local_market,-1,79,2.4122,0.1407
13,13,local_market,-1,81,1.2754,0.1407
13,13,local_market,-1,82,1.3275,0.1407
13,13,local_market,-1,84,3.0,0.1407
13,13,local_market,-1,85,1.9249,0.1407
13,13,local_market,-1,86,1.4644,0.1407
13,13,local_market,-1,87,0.0212,0.1407
13,13,local_market,-1,88,2.1527,0.1407
13,13,local_market,-1,89,1.1236,0.1407
13,13,local_market,-1,91,3.0,0.1407
13,13,local_market,-1,92,3.0,0.1407
13,13,local_market,-1,93,3.0,0.1407
13,13,local_market,-1,95,1.4719,0.1407
13,13,local_market,-1,98,0.9375,0.1407
13,13,local_market,-1,99,0.1855,0.1407
14,14,local_market,-1,0,1.8263,0.1255
14,14,local_market,-1,1,1.7951,0.1255
14,14,local_market,-1,2,1.9465,0.1255
14,14,local_market,-1,3,1.7071,0.1255
14,14,local_market,-1,4,0.7259,0.1255
14,14,local_market,-1,7,1.5537,0.1255
14,14,local_market,-1,8,0.1706,0.1255
14,14,local_market,-1,9,0.4618,0.1255
14,14,local_market,-1,10,1.9636,0.1255
14,14,local_market,-1,11,1.1883,0.1255
14,14,local_market,-1,12,1.823,0.1255
14,14,local_market,-1,13,1.9101,0.1255
14,14,local_market,-1,14,2.374,0.1255
14,14,local_market,-1,15,1.601,0.1255
14,14,local_market,-1,17,1.48,0.1255
14,14,local_market,-1,18,0.5693,0.1255
14,14,local_market,-1,20,0.8389,0.1255
14,14,local_market,-1,21,1.9394,0.1255
14,14,local_market,-1,22,1.2424,0.1255
14,14,local_market,-1,23,0.6369,0.1255
14,14,local_market,-1,24,2.2142,0.1255
14,14,local_market,-1,25,1.0768,0.1255
14,14,local_market,-1,26,3.0,0.1255
14,14,local_market,-1,27,1.2265,0.1255
14,14,local_market,-1,28,1.5453,0.1255
14,14,local_market,-1,29,2.0544,0.1255
14,14,local_market,-1,30,1.8038,0.1255
14,14,local_market,-1,31,1.1807,0.1255
14,14,local_market,-1,32,3.0,0.1255
14,14,local_market,-1,33,1.5489,0.1255
14,14,local_market,-1,34,0.9564,0.1255
14,14,local_market,-1,35,0.9352,0.1255
14,14,local_market,-1,36,1.0251,0.1255
14,14,local_market,-1,38,2.4914,0.1255
14,14,local_market,-1,39,1.2989,0.1255
14,14,local_market,-1,41,0.4023,0.1255
14,14,local_market,-1,42,0.2064,0.1255
14,14,local_market,-1,43,1.9436,0.1255
14,14,local_market,-1,44,1.2134,0.1255
14,14,local_market,-1,46,1.2264,0.1255
14,14,local_market,-1,47,1.6482,0.1255
14,14,local_market,-1,48,1.2529,0.1255
14,14,local_market,-1,49,2.2005,0.1255
14,14,local_market,-1,51,0.1014,0.1255
14,14,local_market,-1,52,1.429,0.1255
14,14,local_market,-1,53,1.4438,0.1255
14,14,local_market,-1,54,0.8872,0.1255
14,14,local_market,-1,55,2.3739,0.1255
14,14,local_market,-1,56,1.248,0.1255
14,14,local_market,-1,57,1.7786,0.1255
14,14,local_market,-1,58,0.6956,0.1255
14,14,local_market,-1,59,2.5439,0.1255
14,14,local_market,-1,60,2.1599,0.1255
14,14,local_market,-1,61,2.0192,0.1255
14,14,local_market,-1,62,0.4654,0.1255
14,14,local_market,-1,63,1.3284,0.1255
14,14,local_market,-1,64,3.0,0.1255
14,14,local_market,-1,65,0.552,0.1255
14,14,local_market,-1,66,1.0632,0.1255
14,14,local_market,-1,67,0.9593,0.1255
14,14,local_market,-1,69,1.4222,0.1255
14,14,local_market,-1,70,2.5297,0.1255
14,14,local_market,-1,71,1.3371,0.1255
14,14,local_market,-1,72,0.5664,0.1255
14,14,local_market,-1,73,1.4434,0.1255
14,14,local_market,-1,74,2.3134,0.1255
14,14,local_market,-1,75,2.0108,0.1255
14,14,local_market,-1,76,2.2191,0.1255
14,14,local_market,-1,78,2.7769,0.1255
14,14,local_market,-1,79,1.6061,0.1255
14,14,local_market,-1,80,2.0145,0.1255
14,14,local_market,-1,81,2.2518,0.1255
14,14,local_market,-1,82,0.6853,0.1255
14,14,local_market,-1,83,1.5104,0.1255
14,14,local_market,-1,84,2.5439,0.1255
14,14,local_market,-1,85,0.92,0.1255
14,14,local_market,-1,86,2.4432,0.1255
14,14,local_market,-1,87,2.2326,0.1255
14,14,local_market,-1,88,1.4561,0.1255
14,14,local_market,-1,89,0.8078,0.1255
14,14,local_market,-1,90,1.3903,0.1255
14,14,local_market,-1,91,1.7239,0.1255
14,14,local_market,-1,92,1.3985,0.1255
14,14,local_market,-1,93,1.6005,0.1255
14,14,local_market,-1,95,1.896,0.1255
14,14,local_market,-1,97,0.3328,0.1255
14,14,local_market,-1,98,0.8734,0.1255
14,14,local_market,-1,99,2.157,0.1255
15,15,local_market,-1,0,0.8365,0.1172
15,15,local_market,-1,1,1.3393,0.1172
15,15,local_market,-1,2,2.1187,0.1172
15,15,local_market,-1,3,0.9769,0.1172
15,15,local_market,-1,4,0.5703,0.1172
15,15,local_market,-1,5,1.6796,0.1172
15,15,local_market,-1,7,2.0983,0.1172
15,15,local_market,-1,8,0.9225,0.1172
15,15,local_market,-1,9,1.7694,0.1172
15,15,local_market,-1,10,1.2596,0.1172
15,15,local_market,-1,11,0.8476,0.1172
15,15,local_market,-1,12,1.363,0.1172
15,15,local_market,-1,13,1.8349,0.1172
15,15,local_market,-1,14,1.7231,0.1172
15,15,local_market,-1,15,1.5741,0.1172
15,15,local_market,-1,16,2.3653,0.1172
15,15,local_market,-1,17,1.146,0.1172
15,15,local_market,-1,18,1.3504,0.1172
15,15,local_market,-1,19,1.8769,0.1172
15,15,local_market,-1,20,0.9372,0.1172
15,15,local_market,-1,21,0.7535,0.1172
15,15,local_market,-1,22,1.0688,0.1172
15,15,local_market,-1,23,2.7745,0.1172
15,15,local_market,-1,24,1.4641,0.1172
15,15,local_market,-1,25,3.0,0.1172
15,15,local_market,-1,26,2.188,0.1172
15,15,local_market,-1,27,2.3999,0.1172
15,15,local_market,-1,28,0.9061,0.1172
15,15,local_market,-1,29,1.5412,0.1172
15,15,local_market,-1,30,2.0404,0.1172
15,15,local_market,-1,31,0.9909,0.1172
15,15,local_market,-1,32,2.4384,0.1172
15,15,local_market,-1,33,2.0185,0.1172
15,15,local_market,-1,34,0.7044,0.1172
15,15,local_market,-1,35,1.0257,0.1172
15,15,local_market,-1,36,0.7867,0.1172
15,15,local_market,-1,37,1.2829,0.1172
15,15,local_market,-1,38,2.1094,0.1172
15,15,local_market,-1,39,0.9822,0.1172
15,15,local_market,-1,40,1.8261,0.1172
15,15,local_market,-1,41,2.371,0.1172
15,15,local_market,-1,42,1.9344,0.1172
15,15,local_market,-1,43,0.8531,0.1172
15,15,local_market,-1,44,0.7879,0.1172
15,15,local_market,-1,45,1.4483,0.1172
15,15,local_market,-1,46,0.65,0.1172
15,15,local_market,-1,47,1.2447,0.1172
15,15,local_market,-1,48,0.8038,0.1172
15,15,local_market,-1,49,1.6525,0.1172
15,15,local_market,-1,51,1.2836,0.1172
15,15,local_market,-1,52,1.3673,0.1172
15,15,local_market,-1,53,2.3624,0.1172
15,15,local_market,-1,54,1.0027,0.1172
15,15,local_market,-1,55,1.4144,0.1172
15,15,local_market,-1,56,1.7524,0.1172
15,15,local_market,-1,57,1.1747,0.1172
15,15,local_market,-1,58,0.8087,0.1172
15,15,local_market,-1,59,1.1266,0.1172
15,15,local_market,-1,60,1.9602,0.1172
15,15,local_market,-1,61,0.9925,0.1172
15,15,local_market,-1,62,2.2939,0.1172
15,15,local_market,-1,63,1.5917,0.1172
15,15,local_market,-1,64,1.7187,0.1172
15,15,local_market,-1,65,2.4853,0.1172
15,15,local_market,-1,66,0.9031,0.1172
15,15,local_market,-1,67,1.7784,0.1172
15,15,local_market,-1,69,0.6468,0.1172
15,15,local_market,-1,70,1.9117,0.1172
15,15,local_market,-1,71,2.1383,0.1172
15,15,local_market,-1,72,2.7147,0.1172
15,15,local_market,-1,73,2.8279,0.1172
15,15,local_market,-1,74,1.7543,0.1172
15,15,local_market,-1,75,1.1411,0.1172
15,15,local_market,-1,76,1.4478,0.1172
15,15,local_market,-1,77,1.6873,0.1172
15,15,local_market,-1,78,1.4179,0.1172
15,15,local_market,-1,79,1.5695,0.1172
15,15,local_market,-1,80,2.3569,0.1172
15,15,local_market,-1,81,1.8042,0.1172
15,15,local_market,-1,82,0.7198,0.1172
15,15,local_market,-1,83,1.0321,0.1172
15,15,local_market,-1,84,1.5141,0.1172
15,15,local_market,-1,85,1.4103,0.1172
15,15,local_market,-1,86,1.1464,0.1172
15,15,local_market,-1,87,1.3087,0.1172
15,15,local_market,-1,88,1.7473,0.1172
15,15,local_market,-1,89,0.7664,0.1172
15,15,local_market,-1,90,1.4893,0.1172
15,15,local_market,-1,91,1.445,0.1172
15,15,local_market,-1,92,0.8858,0.1172
15,15,local_market,-1,93,1.1174,0.1172
15,15,local_market,-1,94,0.5713,0.1172
15,15,local_market,-1,95,1.2164,0.1172
15,15,local_market,-1,97,2.5434,0.1172
15,15,local_market,-1,98,1.2176,0.1172
15,15,local_market,-1,99,1.1256,0.1172
16,16,local_market,-1,0,0.5905,0.1291
16,16,local_market,-1,1,0.8459,0.1291
16,16,local_market,-1,2,0.9587,0.1291
16,16,local_market,-1,3,1.0522,0.1291
16,16,local_market,-1,4,0.5224,0.1291
16,16,local_market,-1,5,0.4604,0.1291
16,16,local_market,-1,7,0.2495,0.1291
16,16,local_market,-1,8,1.1046,0.1291
16,16,local_market,-1,9,0.6844,0.1291
16,16,local_market,-1,10,0.3993,0.1291
16,16,local_market,-1,11,0.6521,0.1291
16,16,local_market,-1,12,1.0604,0.1291
16,16,local_market,-1,13,1.6692,0.1291
16,16,local_market,-1,14,1.0545,0.1291
16,16,local_market,-1,15,1.0799,0.1291
16,16,local_market,-1,16,1.4496,0.1291
16,16,local_market,-1,17,0.7405,0.1291
16,16,local_market,-1,18,0.5159,0.1291
16,16,local_market,-1,19,0.8601,0.1291
16,16,local_market,-1,20,0.4297,0.1291
16,16,local_market,-1,21,0.4281,0.1291
16,16,local_market,-1,22,0.7798,0.1291
16,16,local_market,-1,23,0.2729,0.1291
16,16,local_market,-1,24,0.777,0.1291
16,16,local_market,-1,25,0.6805,0.1291
16,16,local_market,-1,26,0.7864,0.1291
16,16,local_market,-1,27,0.7921,0.1291
16,16,local_market,-1,28,0.4813,0.1291
16,16,local_market,-1,29,0.4965,0.1291
16,16,local_market,-1,30,0.562,0.1291
16,16,local_market,-1,31,1.0854,0.1291
16,16,local_market,-1,32,1.4489,0.1291
16,16,local_market,-1,33,1.0474,0.1291
16,16,local_market,-1,34,0.8186,0.1291
16,16,local_market,-1,35,0.5988,0.1291
16,16,local_market,-1,36,0.5715,0.1291
16,16,local_market,-1,37,1.4378,0.1291
16,16,local_market,-1,38,0.5766,0.1291
16,16,local_market,-1,39,0.6357,0.1291
16,16,local_market,-1,40,0.6745,0.1291
16,16,local_market,-1,41,0.4249,0.1291
16,16,local_market,-1,42,0.3531,0.1291
16,16,local_market,-1,43,0.3584,0.1291
16,16,local_market,-1,44,0.45,0.1291
16,16,local_market,-1,45,0.7868,0.1291
16,16,local_market,-1,46,0.8089,0.1291
16,16,local_market,-1,47,0.4968,0.1291
16,16,local_market,-1,48,0.6163,0.1291
16,16,local_market,-1,49,0.9913,0.1291
16,16,local_market,-1,50,0.3893,0.1291
16,16,local_market,-1,51,0.7033,0.1291
16,16,local_market,-1,52,0.3246,0.1291
16,16,local_market,-1,53,1.1368,0.1291
16,16,local_market,-1,54,0.6588,0.1291
16,16,local_market,-1,55,0.942,0.1291
16,16,local_market,-1,56,1.2607,0.1291
16,16,local_market,-1,57,1.2263,0.1291
16,16,local_market,-1,58,0.3227,0.1291
16,16,local_market,-1,59,1.0151,0.1291
16,16,local_market,-1,60,1.1311,0.1291
16,16,local_market,-1,61,0.4552,0.1291
16,16,local_market,-1,62,1.2047,0.1291
16,16,local_market,-1,63,1.0207,0.1291
16,16,local_market,-1,64,1.4259,0.1291
16,16,local_market,-1,65,0.7104,0.1291
16,16,local_market,-1,66,0.7729,0.1291
16,16,local_market,-1,67,0.5767,0.1291
16,16,local_market,-1,68,0.1887,0.1291
16,16,local_market,-1,69,0.2873,0.1291
16,16,local_market,-1,70,1.1701,0.1291
16,16,local_market,-1,71,0.7102,0.1291
16,16,local_market,-1,72,1.2549,0.1291
16,16,local_market,-1,73,0.8647,0.1291
16,16,local_market,-1,74,1.189,0.1291
16,16,local_market,-1,75,1.2089,0.1291
16,16,local_market,-1,76,0.7247,0.1291
16,16,local_market,-1,77,0.8301,0.1291
16,16,local_market,-1,78,0.6622,0.1291
16,16,local_market,-1,79,0.7747,0.1291
16,16,local_market,-1,80,1.4147,0.1291
16,16,local_market,-1,81,0.4477,0.1291
16,16,local_market,-1,82,0.2536,0.1291
16,16,local_market,-1,83,1.0338,0.1291
16,16,local_market,-1,84,0.6071,0.1291
16,16,local_market,-1,85,0.3215,0.1291
16,16,local_market,-1,86,1.0197,0.1291
16,16,local_market,-1,87,1.0776,0.1291
16,16,local_market,-1,88,0.9433,0.1291
16,16,local_market,-1,89,0.3693,0.1291
16,16,local_market,-1,90,1.4157,0.1291
16,16,local_market,-1,91,1.6848,0.1291
16,16,local_market,-1,92,0.7887,0.1291
16,16,local_market,-1,93,0.4078,0.1291
16,16,local_market,-1,94,0.9462,0.1291
16,16,local_market,-1,95,0.4848,0.1291
16,16,local_market,-1,97,0.3803,0.1291
16,16,local_market,-1,98,0.4934,0.1291
16,16,local_market,-1,99,0.4043,0.1291
17,17,p2p,64,2,0.0193,0.1635
17,17,p2p,64,34,0.0298,0.1635
17,17,p2p,64,46,0.0578,0.1635
17,17,p2p,64,55,0.0501,0.1635
17,17,p2p,64,83,0.0526,0.1635
17,17,p2p,64,88,0.0905,0.1635
17,17,p2p,64,70,0.1034,0.1635
17,17,p2p,93,70,0.0933,0.1634
17,17,p2p,93,38,0.1154,0.1641
17,17,p2p,93,7,0.0783,0.1641
17,17,p2p,84,1,0.0279,0.1626
17,17,p2p,84,15,0.025,0.1626
17,17,p2p,84,24,0.052,0.1627
17,17,p2p,59,44,0.0335,0.1627
17,17,p2p,59,99,0.1283,0.1627
17,17,p2p,92,4,0.0278,0.1628
17,17,p2p,92,25,0.0377,0.1633
17,17,p2p,92,82,0.1403,0.1635
17,17,p2p,92,89,0.1242,0.1636
17,17,p2p,79,20,0.1031,0.1638
17,17,p2p,79,57,0.0301,0.1638
17,17,p2p,79,11,0.0869,0.1639
17,17,p2p,79,39,0.0404,0.1641
17,17,p2p,81,39,0.029,0.1637
17,17,p2p,81,85,0.032,0.1637
17,17,p2p,30,85,0.0469,0.1632
17,17,p2p,30,8,0.1263,0.1633
17,17,p2p,30,48,0.0783,0.1634
17,17,p2p,30,97,0.0219,0.1635
17,17,p2p,22,97,0.0103,0.1635
17,17,p2p,22,98,0.0315,0.1635
17,17,p2p,22,0,0.1107,0.1637
17,17,p2p,31,0,0.0976,0.1636
17,17,p2p,31,66,0.0891,0.164
17,17,p2p,31,77,0.0507,0.1657
17,17,local_market,-1,77,0.172,0.1455
18,18,p2p,64,19,1.8894,0.2234
18,18,p2p,55,19,1.1106,0.2209
18,18,p2p,55,40,0.2489,0.2209
18,18,p2p,70,40,1.457,0.2194
18,18,p2p,15,40,1.2941,0.2191
18,18,local_market,4,-1,0.5019,0.2467
18,18,local_market,15,-1,0.2674,0.2467
18,18,local_market,79,-1,0.9821,0.2467
18,18,local_market,81,-1,1.0084,0.2467
18,18,local_market,82,-1,0.5115,0.2467
18,18,local_market,92,-1,1.4936,0.2467
19,19,p2p,32,25,2.1444,0.2515
19,19,p2p,91,25,0.8556,0.2495
19,19,local_market,4,-1,0.594,0.2764
19,19,local_market,82,-1,0.7244,0.2764
19,19,local_market,91,-1,1.4278,0.2764
20,20,p2p,93,37,2.3662,0.2371
20,20,p2p,84,37,0.6338,0.2368
20,20,p2p,84,50,1.5848,0.2368
20,20,p2p,32,50,1.4152,0.2361
20,20,p2p,32,65,0.8718,0.2361
20,20,p2p,91,65,2.1282,0.2341
20,20,p2p,91,68,0.1036,0.2341
20,20,p2p,30,68,1.5694,0.2341
20,20,p2p,2,68,1.327,0.2316
20,20,local_market,2,-1,0.5301,0.2605
20,20,local_market,4,-1,0.5362,0.2605
20,20,local_market,22,-1,1.1438,0.2605
20,20,local_market,31,-1,1.1131,0.2605
20,20,local_market,59,-1,1.0543,0.2605
20,20,local_market,82,-1,0.5578,0.2605
21,21,p2p,84,51,1.3298,0.1935
21,21,p2p,84,20,0.8098,0.1946
21,21,p2p,93,20,2.1158,0.1945
21,21,p2p,91,20,0.0744,0.1932
21,21,p2p,91,18,1.8506,0.1935
21,21,p2p,32,18,1.091,0.19
21,21,p2p,32,94,0.5863,0.1903
21,21,p2p,15,94,1.115,0.1901
21,21,p2p,30,94,1.1036,0.1895
21,21,p2p,92,94,0.1951,0.1894
21,21,p2p,92,5,1.4619,0.1902
21,21,p2p,59,5,1.0326,0.1902
21,21,p2p,2,5,0.5055,0.1901
21,21,p2p,2,23,1.0167,0.1906
21,21,p2p,70,23,1.1263,0.1904
21,21,p2p,64,23,0.857,0.1899
21,21,p2p,64,41,0.5722,0.1899
21,21,p2p,55,41,1.2442,0.1897
21,21,p2p,31,41,0.911,0.1895
21,21,p2p,22,41,0.2725,0.1877
21,21,p2p,22,71,0.846,0.1877
21,21,p2p,79,71,0.8414,0.1874
21,21,p2p,82,71,0.4241,0.1865
21,21,p2p,4,71,0.4857,0.1864
21,21,p2p,81,71,0.3735,0.1863
21,21,local_market,81,-1,0.4812,0.2161
22,22,p2p,91,7,0.5756,0.1602
22,22,p2p,91,74,0.7388,0.1642
22,22,p2p,84,74,1.3596,0.1639
22,22,p2p,32,74,0.0948,0.1633
22,22,p2p,32,83,1.2619,0.1642
22,22,p2p,64,83,0.8901,0.1639
22,22,p2p,64,77,0.2382,0.1648
22,22,p2p,92,77,0.983,0.1638
22,22,p2p,2,77,1.0206,0.1636
22,22,p2p,2,43,0.0167,0.1636
22,22,p2p,31,43,0.7232,0.1634
22,22,p2p,93,43,1.2711,0.163
22,22,p2p,70,43,0.1757,0.163
22,22,p2p,70,80,0.654,0.1639
22,22,p2p,55,80,0.7663,0.1636
22,22,p2p,79,80,0.6603,0.163
22,22,p2p,30,80,0.2413,0.163
22,22,p2p,30,8,0.7377,0.1634
22,22,p2p,15,8,0.9074,0.1628
22,22,p2p,59,8,0.5266,0.1625
22,22,p2p,59,38,0.18,0.1634
22,22,p2p,81,38,0.6724,0.1632
22,22,p2p,22,38,0.7405,0.1626
22,22,p2p,4,38,0.3143,0.1621
22,22,p2p,82,38,0.3946,0.1609
23,23,p2p,32,63,0.7168,0.1376
23,23,p2p,64,63,0.3054,0.1373
23,23,p2p,64,61,0.2667,0.1397
23,23,p2p,84,61,0.9261,0.1397
23,23,p2p,2,61,0.5909,0.1392
23,23,p2p,2,49,0.2346,0.1397
23,23,p2p,70,49,0.4999,0.1394
23,23,p2p,55,49,0.6049,0.1394
23,23,p2p,31,49,0.3879,0.1392
23,23,p2p,31,12,0.0943,0.1393
23,23,p2p,92,12,0.7238,0.1392
23,23,p2p,79,12,0.3928,0.1391
23,23,p2p,30,12,0.476,0.1388
23,23,p2p,15,12,0.097,0.1388
23,23,p2p,15,0,0.5056,0.1396
23,23,p2p,91,0,0.7269,0.1396
23,23,p2p,93,0,0.6504,0.1396
23,23,p2p,93,57,0.1046,0.1407
23,23,p2p,4,57,0.25,0.1406
23,23,p2p,22,57,0.515,0.1402
23,23,p2p,81,57,0.3338,0.1401
23,23,p2p,59,57,0.3467,0.139
23,23,p2p,82,57,0.25,0.1387
