Timestep,Hour,Trade_Type,Buyer_ID,Seller_ID,Quantity_kWh,Price_Euro_kWh
0,0,p2p,79,13,0.5889,0.0987
0,0,p2p,31,13,0.2615,0.0984
0,0,p2p,31,26,0.3814,0.1039
0,0,p2p,0,26,0.3685,0.1038
0,0,p2p,6,26,0.6091,0.1036
0,0,p2p,32,26,0.3132,0.1035
0,0,p2p,23,26,0.3201,0.1034
0,0,p2p,49,26,0.6345,0.1034
0,0,p2p,11,26,0.25,0.1033
0,0,p2p,37,26,0.1232,0.1032
0,0,p2p,37,47,0.1497,0.1039
0,0,p2p,21,47,0.25,0.1037
0,0,p2p,17,47,0.5193,0.1036
0,0,p2p,90,47,0.25,0.1035
0,0,p2p,56,47,0.25,0.1035
0,0,p2p,8,47,0.25,0.1034
0,0,p2p,52,47,0.481,0.1034
0,0,p2p,33,47,0.25,0.1034
0,0,p2p,39,47,0.4576,0.1033
0,0,p2p,72,47,0.1424,0.1033
0,0,local_market,38,-1,0.25,0.1317
0,0,local_market,62,-1,0.25,0.1317
0,0,local_market,70,-1,0.25,0.1317
0,0,local_market,72,-1,0.1076,0.1317
0,0,local_market,74,-1,0.25,0.1317
0,0,local_market,93,-1,0.3221,0.1317
1,1,p2p,79,9,0.593,0.0911
1,1,p2p,6,9,0.0321,0.0903
1,1,p2p,6,59,0.5236,0.0962
1,1,p2p,31,59,0.5205,0.0956
1,1,p2p,11,59,0.25,0.0953
1,1,p2p,49,59,0.4646,0.0953
1,1,p2p,70,59,0.25,0.0953
1,1,p2p,21,59,0.25,0.0952
1,1,p2p,52,59,0.4076,0.0951
1,1,p2p,62,59,0.25,0.0951
1,1,p2p,39,59,0.0837,0.0951
1,1,p2p,39,53,0.248,0.0967
1,1,p2p,17,53,0.4543,0.0964
1,1,p2p,72,53,0.25,0.0963
1,1,p2p,33,53,0.25,0.0963
1,1,p2p,32,53,0.2887,0.0962
1,1,p2p,56,53,0.25,0.0962
1,1,local_market,0,-1,0.3417,0.1244
1,1,local_market,8,-1,0.25,0.1244
1,1,local_market,23,-1,0.25,0.1244
1,1,local_market,37,-1,0.25,0.1244
1,1,local_market,38,-1,0.25,0.1244
1,1,local_market,74,-1,0.25,0.1244
1,1,local_market,90,-1,0.25,0.1244
1,1,local_market,93,-1,0.2704,0.1244
2,2,p2p,49,35,0.5874,0.0908
2,2,p2p,6,35,0.517,0.0904
2,2,p2p,62,35,0.25,0.0898
2,2,p2p,79,35,0.0842,0.0897
2,2,p2p,79,97,0.496,0.0937
2,2,p2p,11,97,0.25,0.0937
2,2,p2p,38,97,0.25,0.0937
2,2,p2p,33,97,0.25,0.0936
2,2,p2p,17,97,0.5237,0.0936
2,2,p2p,74,97,0.25,0.0935
2,2,p2p,37,97,0.25,0.0935
2,2,p2p,31,97,0.4561,0.0934
2,2,p2p,32,97,0.2741,0.0932
2,2,p2p,39,78,0.3343,0.0945
2,2,p2p,52,78,0.4255,0.0944
2,2,p2p,21,78,0.25,0.0941
2,2,p2p,23,78,0.2833,0.0941
2,2,p2p,0,78,0.4125,0.094
2,2,local_market,8,-1,0.25,0.1228
2,2,local_market,56,-1,0.25,0.1228
2,2,local_market,70,-1,0.25,0.1228
2,2,local_market,72,-1,0.25,0.1228
2,2,local_market,90,-1,0.25,0.1228
2,2,local_market,93,-1,0.2749,0.1228
3,3,p2p,31,10,0.586,0.0881
3,3,p2p,0,10,0.4101,0.0879
3,3,p2p,6,10,0.5801,0.0879
3,3,p2p,62,10,0.25,0.0871
3,3,p2p,52,10,0.1873,0.0871
3,3,p2p,52,29,0.2361,0.0896
3,3,p2p,11,29,0.25,0.0895
3,3,p2p,79,29,0.4602,0.0894
3,3,p2p,93,29,0.25,0.0893
3,3,p2p,49,29,0.4615,0.0893
3,3,p2p,17,29,0.4464,0.0892
3,3,p2p,56,29,0.25,0.089
3,3,p2p,33,29,0.25,0.0887
3,3,p2p,21,29,0.1898,0.0887
3,3,local_market,8,-1,0.25,0.1175
3,3,local_market,21,-1,0.0602,0.1175
3,3,local_market,23,-1,0.2967,0.1175
3,3,local_market,32,-1,0.2923,0.1175
3,3,local_market,37,-1,0.25,0.1175
3,3,local_market,38,-1,0.25,0.1175
3,3,local_market,39,-1,0.3787,0.1175
3,3,local_market,70,-1,0.25,0.1175
3,3,local_market,72,-1,0.25,0.1175
3,3,local_market,74,-1,0.25,0.1175
3,3,local_market,90,-1,0.25,0.1175
4,4,p2p,17,9,0.4795,0.1044
4,4,p2p,49,9,0.5222,0.1043
4,4,p2p,79,9,0.0268,0.1042
4,4,p2p,79,1,0.5712,0.1063
4,4,p2p,0,1,0.4258,0.1061
4,4,p2p,52,1,0.5796,0.1057
4,4,p2p,32,1,0.3436,0.1056
4,4,p2p,6,1,0.379,0.1054
4,4,p2p,6,16,0.1705,0.1067
4,4,p2p,31,16,0.5727,0.1063
4,4,p2p,23,16,0.3248,0.1062
4,4,p2p,90,16,0.25,0.1062
4,4,p2p,70,16,0.25,0.1061
4,4,p2p,39,16,0.4082,0.106
4,4,p2p,56,16,0.25,0.106
4,4,p2p,33,16,0.0901,0.1059
4,4,p2p,33,65,0.1599,0.1066
4,4,p2p,62,65,0.25,0.1066
4,4,p2p,93,65,0.2603,0.1061
4,4,p2p,74,65,0.284,0.106
4,4,p2p,21,65,0.25,0.1059
4,4,p2p,11,65,0.25,0.1058
4,4,p2p,38,65,0.2525,0.1057
4,4,p2p,37,65,0.2512,0.1056
4,4,p2p,8,65,0.25,0.1055
4,4,p2p,72,65,0.25,0.1054
5,5,p2p,31,84,0.8762,0.1287
5,5,p2p,49,84,0.9258,0.1281
5,5,p2p,79,84,0.1076,0.1281
5,5,p2p,79,3,0.7844,0.1288
5,5,p2p,17,3,0.9268,0.1284
5,5,p2p,52,3,0.2416,0.1278
5,5,p2p,52,14,0.5308,0.1283
5,5,p2p,0,14,0.5729,0.1279
5,5,p2p,23,14,0.4231,0.1279
5,5,p2p,6,14,0.3725,0.1277
5,5,p2p,6,77,0.4471,0.1281
5,5,p2p,21,77,0.2507,0.1275
5,5,p2p,37,77,0.3316,0.1275
5,5,p2p,90,77,0.25,0.1275
5,5,p2p,39,77,0.4436,0.1272
5,5,p2p,39,2,0.0986,0.128
5,5,p2p,74,2,0.3827,0.1277
5,5,p2p,93,2,0.4063,0.1276
5,5,p2p,38,2,0.2933,0.1276
5,5,p2p,11,2,0.3697,0.1275
5,5,p2p,70,2,0.2708,0.1274
5,5,p2p,8,2,0.0655,0.1272
5,5,p2p,8,64,0.2981,0.1272
5,5,p2p,32,64,0.4675,0.127
5,5,p2p,72,64,0.25,0.1267
5,5,p2p,33,64,0.25,0.1266
5,5,p2p,62,64,0.332,0.1262
5,5,p2p,56,64,0.3248,0.1262
6,6,p2p,79,85,1.0035,0.2017
6,6,p2p,79,83,0.6487,0.2019
6,6,p2p,6,83,0.5052,0.2015
6,6,p2p,6,66,1.0008,0.2016
6,6,p2p,6,43,0.2933,0.2018
6,6,p2p,31,43,0.6986,0.2017
6,6,p2p,31,57,1.0142,0.202
6,6,p2p,17,81,1.0274,0.2011
6,6,p2p,17,91,0.242,0.2013
6,6,p2p,49,91,0.7555,0.1998
6,6,p2p,49,71,0.9351,0.2007
6,6,p2p,32,71,0.0598,0.2003
6,6,p2p,32,12,0.8509,0.2003
6,6,p2p,39,12,0.2428,0.2
6,6,p2p,39,98,0.7508,0.2002
6,6,p2p,97,98,0.4551,0.2001
6,6,p2p,97,82,0.4104,0.2005
6,6,p2p,52,82,0.6388,0.2
6,6,p2p,52,18,0.7098,0.2002
6,6,p2p,38,18,0.3684,0.1998
6,6,p2p,38,40,0.3012,0.1998
6,6,p2p,0,40,0.3411,0.1998
6,6,p2p,0,86,0.809,0.2003
6,6,p2p,62,86,0.2586,0.1998
6,6,p2p,62,45,0.3604,0.1998
6,6,p2p,37,45,0.6576,0.1995
6,6,p2p,37,7,0.1105,0.1997
6,6,p2p,93,7,0.7911,0.1996
6,6,p2p,59,7,0.1303,0.1995
6,6,p2p,59,25,0.7054,0.1997
6,6,p2p,23,25,0.3638,0.1993
6,6,p2p,23,96,0.4193,0.1993
6,6,p2p,29,96,0.7243,0.1993
6,6,p2p,29,63,0.0234,0.1995
6,6,p2p,26,63,0.6393,0.1992
6,6,p2p,56,63,0.3689,0.1992
6,6,p2p,56,89,0.2521,0.1993
6,6,p2p,74,89,0.6387,0.1986
6,6,p2p,47,89,0.1834,0.198
6,6,p2p,47,87,0.3848,0.1982
6,6,p2p,33,87,0.3704,0.1982
6,6,p2p,8,87,0.2685,0.1978
6,6,p2p,8,92,0.2997,0.1979
6,6,p2p,72,92,0.3761,0.1978
6,6,p2p,11,92,0.4958,0.1975
6,6,p2p,11,88,0.0765,0.1976
6,6,p2p,65,88,0.2157,0.1974
6,6,p2p,16,88,0.305,0.1973
6,6,p2p,1,88,0.0863,0.1968
6,6,p2p,21,88,0.3431,0.1966
6,6,p2p,21,99,0.2005,0.1968
6,6,p2p,90,99,0.4311,0.1967
6,6,p2p,70,99,0.4845,0.1965
7,7,p2p,31,70,0.0266,0.2199
7,7,p2p,31,66,0.2601,0.2221
7,7,p2p,31,71,0.248,0.2222
7,7,p2p,31,18,0.2811,0.2227
7,7,p2p,31,50,0.411,0.2227
7,7,p2p,29,50,0.1209,0.2216
7,7,p2p,29,43,0.3095,0.2217
7,7,p2p,29,20,0.425,0.2218
7,7,p2p,26,20,0.1208,0.2211
7,7,p2p,26,40,0.4686,0.2212
7,7,p2p,26,67,0.5223,0.2213
7,7,p2p,59,67,0.1093,0.2208
7,7,p2p,59,82,0.3109,0.221
7,7,p2p,59,28,0.2331,0.2213
7,7,p2p,17,28,0.3242,0.2212
7,7,p2p,17,96,0.3801,0.2214
7,7,p2p,17,54,0.2883,0.2214
7,7,p2p,0,54,0.1407,0.2212
7,7,p2p,0,51,0.2824,0.2212
7,7,p2p,0,58,0.1218,0.2212
7,7,p2p,23,58,0.618,0.2212
7,7,p2p,23,80,0.0627,0.2214
7,7,p2p,79,80,0.3852,0.2212
7,7,p2p,79,4,0.3393,0.2213
7,7,p2p,6,4,0.3513,0.2207
7,7,p2p,6,85,0.2755,0.2208
7,7,p2p,6,61,0.2129,0.2208
7,7,p2p,32,61,0.3345,0.2204
7,7,p2p,47,46,0.2614,0.2204
7,7,p2p,47,45,0.4836,0.2204
7,7,p2p,47,98,0.0431,0.2204
7,7,p2p,16,98,0.2007,0.2204
7,7,p2p,16,41,0.1034,0.2204
7,7,p2p,16,55,0.1311,0.2205
7,7,p2p,78,55,0.3875,0.2204
7,7,p2p,78,19,0.1067,0.2205
7,7,p2p,64,19,0.1598,0.2205
7,7,p2p,64,63,0.2213,0.2207
7,7,p2p,64,88,0.2198,0.2207
7,7,p2p,10,88,0.0977,0.2207
7,7,p2p,10,95,0.4438,0.2207
7,7,p2p,52,95,0.2177,0.2207
7,7,p2p,52,22,0.2369,0.2207
7,7,p2p,52,86,0.2541,0.2207
7,7,p2p,35,86,0.2578,0.2207
7,7,p2p,35,89,0.0401,0.2208
7,7,p2p,1,89,0.2053,0.2203
7,7,p2p,1,69,0.5475,0.2207
7,7,p2p,1,76,0.2929,0.2208
7,7,p2p,65,76,0.0924,0.2208
7,7,p2p,65,5,0.7279,0.2208
7,7,p2p,11,5,0.1268,0.2206
7,7,p2p,11,60,0.3088,0.2206
7,7,p2p,21,60,0.0238,0.2206
7,7,p2p,21,73,0.159,0.2208
7,7,p2p,93,73,0.491,0.2207
7,7,p2p,3,73,0.1011,0.2206
7,7,p2p,3,75,0.1728,0.2207
7,7,p2p,90,75,0.2027,0.2207
7,7,p2p,53,75,0.0412,0.2207
7,7,p2p,53,57,0.4152,0.2207
7,7,p2p,53,44,0.262,0.2213
7,7,p2p,39,44,0.432,0.221
7,7,p2p,39,7,0.1278,0.2211
7,7,p2p,91,7,0.0597,0.221
7,7,p2p,77,7,0.1083,0.221
7,7,p2p,77,15,0.2339,0.2211
7,7,p2p,14,15,0.2688,0.221
7,7,p2p,97,15,0.2431,0.2206
7,7,p2p,97,94,0.2374,0.2206
7,7,p2p,84,94,0.3389,0.2205
7,7,p2p,84,36,0.1196,0.2206
7,7,p2p,74,36,0.3233,0.2205
7,7,p2p,49,36,0.0229,0.2205
7,7,p2p,49,68,0.451,0.221
7,7,p2p,49,34,0.0358,0.2212
7,7,p2p,8,34,0.0914,0.2212
7,7,p2p,9,34,0.0527,0.2207
7,7,p2p,37,34,0.2474,0.2206
7,7,p2p,56,34,0.1215,0.2203
7,7,p2p,56,42,0.3245,0.2212
7,7,p2p,72,42,0.2283,0.2209
7,7,p2p,24,42,0.0774,0.2209
7,7,p2p,33,42,0.0124,0.2198
8,8,p2p,65,52,0.1338,0.1878
8,8,p2p,65,70,0.232,0.189
8,8,p2p,26,70,0.0253,0.1874
8,8,p2p,26,0,0.0407,0.188
8,8,p2p,9,0,0.0867,0.1865
8,8,p2p,71,0,0.1359,0.1858
8,8,local_market,-1,0,0.168,0.1698
8,8,local_market,-1,6,0.9383,0.1698
8,8,local_market,-1,8,0.4742,0.1698
8,8,local_market,-1,11,0.7076,0.1698
8,8,local_market,-1,17,0.3626,0.1698
8,8,local_market,-1,21,0.3105,0.1698
8,8,local_market,-1,23,0.6807,0.1698
8,8,local_market,-1,31,0.2455,0.1698
8,8,local_market,-1,32,1.0229,0.1698
8,8,local_market,-1,33,0.2679,0.1698
8,8,local_market,-1,37,0.571,0.1698
8,8,local_market,-1,38,0.1137,0.1698
8,8,local_market,-1,39,0.7451,0.1698
8,8,local_market,-1,49,0.7524,0.1698
8,8,local_market,-1,56,0.137,0.1698
8,8,local_market,-1,62,0.2777,0.1698
8,8,local_market,-1,72,0.1743,0.1698
8,8,local_market,-1,74,0.621,0.1698
8,8,local_market,-1,79,0.4072,0.1698
8,8,local_market,-1,90,0.4275,0.1698
8,8,local_market,-1,93,0.1345,0.1698
9,9,local_market,-1,0,0.9757,0.15
9,9,local_market,-1,6,2.716,0.15
9,9,local_market,-1,8,1.3665,0.15
9,9,local_market,-1,11,1.2654,0.15
9,9,local_market,-1,17,1.0324,0.15
9,9,local_market,-1,21,1.3749,0.15
9,9,local_market,-1,23,1.1554,0.15
9,9,local_market,-1,31,0.9704,0.15
9,9,local_market,-1,32,0.8488,0.15
9,9,local_market,-1,33,0.7914,0.15
9,9,local_market,-1,37,0.7458,0.15
9,9,local_market,-1,38,0.7458,0.15
9,9,local_market,-1,39,0.8396,0.15
9,9,local_market,-1,49,1.7547,0.15
9,9,local_market,-1,52,1.883,0.15
9,9,local_market,-1,56,0.9618,0.15
9,9,local_market,-1,62,1.3276,0.15
9,9,local_market,-1,70,1.1557,0.15
9,9,local_market,-1,72,0.7147,0.15
9,9,local_market,-1,74,1.6503,0.15
9,9,local_market,-1,79,2.0547,0.15
9,9,local_market,-1,90,0.688,0.15
9,9,local_market,-1,93,1.0572,0.15
10,10,local_market,-1,0,2.3211,0.1423
10,10,local_market,-1,6,3.0,0.1423
10,10,local_market,-1,8,1.1838,0.1423
10,10,local_market,-1,11,1.3125,0.1423
10,10,local_market,-1,17,1.581,0.1423
10,10,local_market,-1,21,1.086,0.1423
10,10,local_market,-1,23,2.4776,0.1423
10,10,local_market,-1,31,3.0,0.1423
10,10,local_market,-1,32,2.1277,0.1423
10,10,local_market,-1,33,1.0723,0.1423
10,10,local_market,-1,37,1.1867,0.1423
10,10,local_market,-1,38,1.0325,0.1423
10,10,local_market,-1,39,3.0,0.1423
10,10,local_market,-1,49,1.6279,0.1423
10,10,local_market,-1,52,2.4139,0.1423
10,10,local_market,-1,56,1.9672,0.1423
10,10,local_market,-1,62,1.0793,0.1423
10,10,local_market,-1,70,0.8131,0.1423
10,10,local_market,-1,72,1.4686,0.1423
10,10,local_market,-1,74,0.9992,0.1423
10,10,local_market,-1,79,3.0,0.1423
10,10,local_market,-1,90,0.9147,0.1423
10,10,local_market,-1,93,1.573,0.1423
11,11,local_market,-1,0,2.3544,0.1571
11,11,local_market,-1,6,3.0,0.1571
11,11,local_market,-1,8,1.3058,0.1571
11,11,local_market,-1,11,1.7645,0.1571
11,11,local_market,-1,17,2.83,0.1571
11,11,local_market,-1,21,1.9864,0.1571
11,11,local_market,-1,23,2.9068,0.1571
11,11,local_market,-1,31,2.8314,0.1571
11,11,local_market,-1,32,3.0,0.1571
11,11,local_market,-1,33,1.5681,0.1571
11,11,local_market,-1,37,2.4425,0.1571
11,11,local_market,-1,38,1.7785,0.1571
11,11,local_market,-1,39,1.609,0.1571
11,11,local_market,-1,49,2.2069,0.1571
11,11,local_market,-1,52,3.0,0.1571
11,11,local_market,-1,56,1.5077,0.1571
11,11,local_market,-1,62,1.7157,0.1571
11,11,local_market,-1,70,1.9191,0.1571
11,11,local_market,-1,72,1.1689,0.1571
11,11,local_market,-1,74,2.7634,0.1571
11,11,local_market,-1,79,2.7907,0.1571
11,11,local_market,-1,90,0.7803,0.1571
11,11,local_market,-1,93,2.2734,0.1571
12,12,local_market,-1,0,1.5237,0.1697
12,12,local_market,-1,6,2.4977,0.1697
12,12,local_market,-1,8,1.5463,0.1697
12,12,local_market,-1,11,1.0095,0.1697
12,12,local_market,-1,17,3.0,0.1697
12,12,local_market,-1,21,1.1775,0.1697
12,12,local_market,-1,22,0.3259,0.1697
12,12,local_market,-1,23,3.0,0.1697
12,12,local_market,-1,24,0.3424,0.1697
12,12,local_market,-1,27,0.5531,0.1697
12,12,local_market,-1,30,0.7667,0.1697
12,12,local_market,-1,31,3.0,0.1697
12,12,local_market,-1,32,3.0,0.1697
12,12,local_market,-1,33,0.9812,0.1697
12,12,local_market,-1,37,2.2041,0.1697
12,12,local_market,-1,38,1.7033,0.1697
12,12,local_market,-1,39,2.6898,0.1697
12,12,local_market,-1,41,0.4274,0.1697
12,12,local_market,-1,48,1.0929,0.1697
12,12,local_market,-1,49,3.0,0.1697
12,12,local_market,-1,52,1.6846,0.1697
12,12,local_market,-1,54,0.2686,0.1697
12,12,local_market,-1,56,1.4772,0.1697
12,12,local_market,-1,62,2.3204,0.1697
12,12,local_market,-1,67,1.0628,0.1697
12,12,local_market,-1,68,0.7031,0.1697
12,12,local_market,-1,70,1.8674,0.1697
12,12,local_market,-1,72,1.3129,0.1697
12,12,local_market,-1,74,1.6147,0.1697
12,12,local_market,-1,75,0.647,0.1697
12,12,local_market,-1,76,0.2825,0.1697
12,12,local_market,-1,79,3.0,0.1697
12,12,local_market,-1,90,1.0742,0.1697
12,12,local_market,-1,93,2.9339,0.1697
13,13,local_market,-1,0,2.7816,0.129
13,13,local_market,-1,5,0.723,0.129
13,13,local_market,-1,6,3.0,0.129
13,13,local_market,-1,7,0.0486,0.129
13,13,local_market,-1,8,1.6789,0.129
13,13,local_market,-1,10,1.0015,0.129
13,13,local_market,-1,11,0.9644,0.129
13,13,local_market,-1,15,0.3972,0.129
13,13,local_market,-1,17,2.0178,0.129
13,13,local_market,-1,18,2.0565,0.129
13,13,local_market,-1,19,2.0767,0.129
13,13,local_market,-1,21,1.5173,0.129
13,13,local_market,-1,22,1.124,0.129
13,13,local_market,-1,23,2.0644,0.129
13,13,local_market,-1,24,1.58,0.129
13,13,local_market,-1,27,1.0384,0.129
13,13,local_market,-1,28,1.2783,0.129
13,13,local_market,-1,30,1.7232,0.129
13,13,local_market,-1,31,2.107,0.129
13,13,local_market,-1,32,2.8607,0.129
13,13,local_market,-1,33,1.0106,0.129
13,13,local_market,-1,34,2.1983,0.129
13,13,local_market,-1,35,0.1094,0.129
13,13,local_market,-1,37,1.6478,0.129
13,13,local_market,-1,38,1.3218,0.129
13,13,local_market,-1,39,1.7383,0.129
13,13,local_market,-1,41,1.8112,0.129
13,13,local_market,-1,42,1.9477,0.129
13,13,local_market,-1,43,1.0764,0.129
13,13,local_market,-1,46,0.2549,0.129
13,13,local_market,-1,47,0.1353,0.129
13,13,local_market,-1,48,1.244,0.129
13,13,local_market,-1,49,3.0,0.129
13,13,local_market,-1,51,0.7152,0.129
13,13,local_market,-1,52,1.4209,0.129
13,13,local_market,-1,54,1.7245,0.129
13,13,local_market,-1,56,1.6396,0.129
13,13,local_market,-1,58,0.6569,0.129
13,13,local_market,-1,60,0.8462,0.129
13,13,local_market,-1,61,2.0324,0.129
13,13,local_market,-1,62,1.0114,0.129
13,13,local_market,-1,63,0.7617,0.129
13,13,local_market,-1,67,1.0812,0.129
13,13,local_market,-1,68,2.0586,0.129
13,13,local_market,-1,69,3.0,0.129
13,13,local_market,-1,70,2.1876,0.129
13,13,local_market,-1,72,1.2022,0.129
13,13,local_market,-1,73,0.6386,0.129
13,13,local_market,-1,74,1.9393,0.129
13,13,local_market,-1,75,1.406,0.129
13,13,local_market,-1,76,0.9107,0.129
13,13,local_market,-1,79,2.5179,0.129
13,13,local_market,-1,82,1.0765,0.129
13,13,local_market,-1,85,0.7337,0.129
13,13,local_market,-1,86,2.3952,0.129
13,13,local_market,-1,90,1.7559,0.129
13,13,local_market,-1,93,1.3781,0.129
13,13,local_market,-1,95,0.8769,0.129
13,13,local_market,-1,98,1.6152,0.129
14,14,local_market,-1,0,1.6753,0.1174
14,14,local_market,-1,1,1.4444,0.1174
14,14,local_market,-1,3,2.3727,0.1174
14,14,local_market,-1,5,1.296,0.1174
14,14,local_market,-1,6,3.0,0.1174
14,14,local_market,-1,7,1.9747,0.1174
14,14,local_market,-1,8,1.5927,0.1174
14,14,local_market,-1,10,3.0,0.1174
14,14,local_market,-1,11,1.3672,0.1174
14,14,local_market,-1,12,2.1763,0.1174
14,14,local_market,-1,13,0.8474,0.1174
14,14,local_market,-1,14,0.2452,0.1174
14,14,local_market,-1,15,1.5813,0.1174
14,14,local_market,-1,16,0.3302,0.1174
14,14,local_market,-1,17,2.2913,0.1174
14,14,local_market,-1,18,1.5156,0.1174
14,14,local_market,-1,19,1.3303,0.1174
14,14,local_market,-1,20,1.4484,0.1174
14,14,local_market,-1,21,0.906,0.1174
14,14,local_market,-1,22,1.6669,0.1174
14,14,local_market,-1,23,2.6544,0.1174
14,14,local_market,-1,24,1.0289,0.1174
14,14,local_market,-1,25,0.0704,0.1174
14,14,local_market,-1,26,1.3995,0.1174
14,14,local_market,-1,27,0.9299,0.1174
14,14,local_market,-1,28,2.7272,0.1174
14,14,local_market,-1,30,1.4449,0.1174
14,14,local_market,-1,31,3.0,0.1174
14,14,local_market,-1,32,1.2979,0.1174
14,14,local_market,-1,33,1.1401,0.1174
14,14,local_market,-1,34,1.0525,0.1174
14,14,local_market,-1,35,2.0559,0.1174
14,14,local_market,-1,36,1.8039,0.1174
14,14,local_market,-1,37,1.9901,0.1174
14,14,local_market,-1,38,1.8583,0.1174
14,14,local_market,-1,39,3.0,0.1174
14,14,local_market,-1,40,1.2087,0.1174
14,14,local_market,-1,41,1.8744,0.1174
14,14,local_market,-1,42,1.4127,0.1174
14,14,local_market,-1,43,2.2672,0.1174
14,14,local_market,-1,44,0.1521,0.1174
14,14,local_market,-1,45,2.1714,0.1174
14,14,local_market,-1,46,1.0161,0.1174
14,14,local_market,-1,47,2.488,0.1174
14,14,local_market,-1,48,1.3733,0.1174
14,14,local_market,-1,49,2.6869,0.1174
14,14,local_market,-1,50,2.1279,0.1174
14,14,local_market,-1,51,1.591,0.1174
14,14,local_market,-1,52,2.9683,0.1174
14,14,local_market,-1,53,0.715,0.1174
14,14,local_market,-1,54,2.0434,0.1174
14,14,local_market,-1,55,2.5395,0.1174
14,14,local_market,-1,56,1.8495,0.1174
14,14,local_market,-1,57,1.954,0.1174
14,14,local_market,-1,58,2.0575,0.1174
14,14,local_market,-1,60,1.6509,0.1174
14,14,local_market,-1,61,2.4651,0.1174
14,14,local_market,-1,62,1.8931,0.1174
14,14,local_market,-1,63,2.7459,0.1174
14,14,local_market,-1,66,1.5473,0.1174
14,14,local_market,-1,67,1.7878,0.1174
14,14,local_market,-1,68,1.0858,0.1174
14,14,local_market,-1,69,2.2459,0.1174
14,14,local_market,-1,70,0.8602,0.1174
14,14,local_market,-1,72,1.5804,0.1174
14,14,local_market,-1,73,1.687,0.1174
14,14,local_market,-1,74,2.0511,0.1174
14,14,local_market,-1,75,1.8692,0.1174
14,14,local_market,-1,76,1.5493,0.1174
14,14,local_market,-1,79,3.0,0.1174
14,14,local_market,-1,80,1.1877,0.1174
14,14,local_market,-1,81,0.9486,0.1174
14,14,local_market,-1,82,2.3697,0.1174
14,14,local_market,-1,83,0.5228,0.1174
14,14,local_market,-1,85,2.7852,0.1174
14,14,local_market,-1,86,1.1423,0.1174
14,14,local_market,-1,87,1.1094,0.1174
14,14,local_market,-1,88,1.779,0.1174
14,14,local_market,-1,89,1.5221,0.1174
14,14,local_market,-1,90,0.8804,0.1174
14,14,local_market,-1,92,1.6797,0.1174
14,14,local_market,-1,93,2.275,0.1174
14,14,local_market,-1,94,0.8467,0.1174
14,14,local_market,-1,95,2.4092,0.1174
14,14,local_market,-1,97,0.8899,0.1174
14,14,local_market,-1,98,3.0,0.1174
14,14,local_market,-1,99,1.343,0.1174
15,15,local_market,-1,0,1.0197,0.1261
15,15,local_market,-1,1,2.7591,0.1261
15,15,local_market,-1,2,0.6441,0.1261
15,15,local_market,-1,3,2.056,0.1261
15,15,local_market,-1,4,1.7479,0.1261
15,15,local_market,-1,5,1.8916,0.1261
15,15,local_market,-1,6,3.0,0.1261
15,15,local_market,-1,7,1.9482,0.1261
15,15,local_market,-1,8,1.5255,0.1261
15,15,local_market,-1,9,1.5726,0.1261
15,15,local_market,-1,10,2.5181,0.1261
15,15,local_market,-1,11,0.7963,0.1261
15,15,local_market,-1,12,2.0088,0.1261
15,15,local_market,-1,13,1.8033,0.1261
15,15,local_market,-1,14,2.3607,0.1261
15,15,local_market,-1,15,2.146,0.1261
15,15,local_market,-1,16,2.2452,0.1261
15,15,local_market,-1,17,1.265,0.1261
15,15,local_market,-1,18,1.8423,0.1261
15,15,local_market,-1,19,1.707,0.1261
15,15,local_market,-1,20,1.5067,0.1261
15,15,local_market,-1,21,1.2118,0.1261
15,15,local_market,-1,22,1.3748,0.1261
15,15,local_market,-1,23,1.0393,0.1261
15,15,local_market,-1,24,1.1387,0.1261
15,15,local_market,-1,25,1.4525,0.1261
15,15,local_market,-1,26,2.433,0.1261
15,15,local_market,-1,27,0.8571,0.1261
15,15,local_market,-1,28,2.2253,0.1261
15,15,local_market,-1,30,0.956,0.1261
15,15,local_market,-1,31,2.9984,0.1261
15,15,local_market,-1,32,1.0547,0.1261
15,15,local_market,-1,33,0.9256,0.1261
15,15,local_market,-1,34,1.0129,0.1261
15,15,local_market,-1,35,2.6318,0.1261
15,15,local_market,-1,36,1.4445,0.1261
15,15,local_market,-1,37,0.9314,0.1261
15,15,local_market,-1,38,0.8887,0.1261
15,15,local_market,-1,39,2.075,0.1261
15,15,local_market,-1,40,1.9994,0.1261
15,15,local_market,-1,41,1.2638,0.1261
15,15,local_market,-1,42,1.1959,0.1261
15,15,local_market,-1,43,1.5954,0.1261
15,15,local_market,-1,44,2.0695,0.1261
15,15,local_market,-1,45,1.3765,0.1261
15,15,local_market,-1,46,0.8127,0.1261
15,15,local_market,-1,47,1.8607,0.1261
15,15,local_market,-1,48,0.7546,0.1261
15,15,local_market,-1,49,2.5142,0.1261
15,15,local_market,-1,50,1.8993,0.1261
15,15,local_market,-1,51,1.1208,0.1261
15,15,local_market,-1,52,2.451,0.1261
15,15,local_market,-1,53,1.7913,0.1261
15,15,local_market,-1,54,1.6156,0.1261
15,15,local_market,-1,55,0.805,0.1261
15,15,local_market,-1,56,1.0855,0.1261
15,15,local_market,-1,57,0.8169,0.1261
15,15,local_market,-1,58,1.9325,0.1261
15,15,local_market,-1,59,0.5371,0.1261
15,15,local_market,-1,60,1.4258,0.1261
15,15,local_market,-1,61,1.9094,0.1261
15,15,local_market,-1,62,1.4383,0.1261
15,15,local_market,-1,63,1.1464,0.1261
15,15,local_market,-1,64,0.5511,0.1261
15,15,local_market,-1,65,1.748,0.1261
15,15,local_market,-1,66,1.4856,0.1261
15,15,local_market,-1,67,1.3081,0.1261
15,15,local_market,-1,68,1.1576,0.1261
15,15,local_market,-1,69,2.4354,0.1261
15,15,local_market,-1,70,0.7281,0.1261
15,15,local_market,-1,71,1.3583,0.1261
15,15,local_market,-1,72,0.6593,0.1261
15,15,local_market,-1,73,1.4753,0.1261
15,15,local_market,-1,74,0.7809,0.1261
15,15,local_market,-1,75,1.0469,0.1261
15,15,local_market,-1,76,0.8352,0.1261
15,15,local_market,-1,77,0.9168,0.1261
15,15,local_market,-1,79,1.3766,0.1261
15,15,local_market,-1,80,1.7633,0.1261
15,15,local_market,-1,81,2.1506,0.1261
15,15,local_market,-1,82,1.5929,0.1261
15,15,local_market,-1,83,1.013,0.1261
15,15,local_market,-1,84,0.4955,0.1261
15,15,local_market,-1,85,2.615,0.1261
15,15,local_market,-1,86,1.0636,0.1261
15,15,local_market,-1,87,1.0389,0.1261
15,15,local_market,-1,88,2.1307,0.1261
15,15,local_market,-1,89,2.3296,0.1261
15,15,local_market,-1,90,0.5046,0.1261
15,15,local_market,-1,91,2.4945,0.1261
15,15,local_market,-1,92,1.3859,0.1261
15,15,local_market,-1,93,1.5126,0.1261
15,15,local_market,-1,94,2.1504,0.1261
15,15,local_market,-1,95,1.8434,0.1261
15,15,local_market,-1,96,2.038,0.1261
15,15,local_market,-1,97,1.3153,0.1261
15,15,local_market,-1,98,1.4039,0.1261
15,15,local_market,-1,99,0.9834,0.1261
16,16,local_market,-1,0,1.3084,0.1274
16,16,local_market,-1,1,0.4699,0.1274
16,16,local_market,-1,2,0.9796,0.1274
16,16,local_market,-1,3,1.0753,0.1274
16,16,local_market,-1,4,0.7077,0.1274
16,16,local_market,-1,5,0.5061,0.1274
16,16,local_market,-1,6,1.4634,0.1274
16,16,local_market,-1,7,1.1705,0.1274
16,16,local_market,-1,8,0.5591,0.1274
16,16,local_market,-1,9,0.502,0.1274
16,16,local_market,-1,10,0.3248,0.1274
16,16,local_market,-1,11,0.4857,0.1274
16,16,local_market,-1,12,0.9025,0.1274
16,16,local_market,-1,13,0.43,0.1274
16,16,local_market,-1,14,0.3363,0.1274
16,16,local_market,-1,15,1.0526,0.1274
16,16,local_market,-1,16,0.8621,0.1274
16,16,local_market,-1,17,0.857,0.1274
16,16,local_market,-1,18,1.1015,0.1274
16,16,local_market,-1,19,0.9646,0.1274
16,16,local_market,-1,20,0.7154,0.1274
16,16,local_market,-1,21,0.2924,0.1274
16,16,local_market,-1,22,0.8147,0.1274
16,16,local_market,-1,23,0.9668,0.1274
16,16,local_market,-1,24,0.6311,0.1274
16,16,local_market,-1,25,1.1263,0.1274
16,16,local_market,-1,26,0.4357,0.1274
16,16,local_market,-1,27,0.3148,0.1274
16,16,local_market,-1,28,0.519,0.1274
16,16,local_market,-1,29,0.629,0.1274
16,16,local_market,-1,30,0.2614,0.1274
16,16,local_market,-1,31,0.1276,0.1274
16,16,local_market,-1,32,1.0891,0.1274
16,16,local_market,-1,33,0.6578,0.1274
16,16,local_market,-1,34,0.5744,0.1274
16,16,local_market,-1,35,1.6376,0.1274
16,16,local_market,-1,36,0.6054,0.1274
16,16,local_market,-1,37,0.6756,0.1274
16,16,local_market,-1,38,0.6821,0.1274
16,16,local_market,-1,39,0.6716,0.1274
16,16,local_market,-1,40,0.456,0.1274
16,16,local_market,-1,41,0.7055,0.1274
16,16,local_market,-1,42,0.8486,0.1274
16,16,local_market,-1,43,1.2826,0.1274
16,16,local_market,-1,44,1.3314,0.1274
16,16,local_market,-1,45,0.551,0.1274
16,16,local_market,-1,46,0.7489,0.1274
16,16,local_market,-1,47,0.989,0.1274
16,16,local_market,-1,48,0.3759,0.1274
16,16,local_market,-1,49,0.9138,0.1274
16,16,local_market,-1,50,0.6901,0.1274
16,16,local_market,-1,51,0.9349,0.1274
16,16,local_market,-1,52,1.7245,0.1274
16,16,local_market,-1,53,1.591,0.1274
16,16,local_market,-1,54,0.3896,0.1274
16,16,local_market,-1,55,0.7642,0.1274
16,16,local_market,-1,56,0.8985,0.1274
16,16,local_market,-1,57,0.8341,0.1274
16,16,local_market,-1,58,1.1696,0.1274
16,16,local_market,-1,59,0.6318,0.1274
16,16,local_market,-1,60,0.5328,0.1274
16,16,local_market,-1,61,1.2786,0.1274
16,16,local_market,-1,62,0.8408,0.1274
16,16,local_market,-1,63,1.2295,0.1274
16,16,local_market,-1,64,1.0971,0.1274
16,16,local_market,-1,65,1.1572,0.1274
16,16,local_market,-1,66,0.874,0.1274
16,16,local_market,-1,67,0.746,0.1274
16,16,local_market,-1,68,0.6964,0.1274
16,16,local_market,-1,69,1.1994,0.1274
16,16,local_market,-1,70,0.3142,0.1274
16,16,local_market,-1,71,0.4633,0.1274
16,16,local_market,-1,72,0.3821,0.1274
16,16,local_market,-1,73,0.5546,0.1274
16,16,local_market,-1,74,0.6083,0.1274
16,16,local_market,-1,75,0.6898,0.1274
16,16,local_market,-1,76,0.709,0.1274
16,16,local_market,-1,77,0.283,0.1274
16,16,local_market,-1,78,0.334,0.1274
16,16,local_market,-1,79,0.5641,0.1274
16,16,local_market,-1,80,0.696,0.1274
16,16,local_market,-1,81,0.5879,0.1274
16,16,local_market,-1,82,1.1147,0.1274
16,16,local_market,-1,83,0.3043,0.1274
16,16,local_market,-1,84,0.9603,0.1274
16,16,local_market,-1,85,1.3305,0.1274
16,16,local_market,-1,86,0.9525,0.1274
16,16,local_market,-1,87,0.4498,0.1274
16,16,local_market,-1,88,0.9449,0.1274
16,16,local_market,-1,89,0.8377,0.1274
16,16,local_market,-1,90,0.6498,0.1274
16,16,local_market,-1,91,1.5799,0.1274
16,16,local_market,-1,92,0.8158,0.1274
16,16,local_market,-1,93,0.4232,0.1274
16,16,local_market,-1,94,0.9549,0.1274
16,16,local_market,-1,95,0.6459,0.1274
16,16,local_market,-1,96,0.4535,0.1274
16,16,local_market,-1,97,1.1949,0.1274
16,16,local_market,-1,98,0.6165,0.1274
16,16,local_market,-1,99,0.2804,0.1274
17,17,p2p,79,8,0.0236,0.165
17,17,p2p,79,10,0.0818,0.165
17,17,p2p,79,11,0.0437,0.165
17,17,p2p,79,41,0.0326,0.165
17,17,p2p,79,42,0.0653,0.165
17,17,p2p,79,48,0.1384,0.165
17,17,p2p,79,54,0.0739,0.165
17,17,p2p,79,37,0.1378,0.165
17,17,p2p,79,70,0.118,0.1651
17,17,p2p,79,88,0.1034,0.1651
17,17,p2p,79,33,0.0448,0.1656
17,17,p2p,49,33,0.1205,0.1654
17,17,p2p,49,83,0.0887,0.1663
17,17,p2p,49,7,0.0695,0.1663
17,17,p2p,49,91,0.0465,0.1669
17,17,p2p,49,72,0.1276,0.1669
17,17,p2p,49,44,0.0344,0.1669
17,17,p2p,49,20,0.1264,0.1669
17,17,p2p,49,51,0.0333,0.167
17,17,p2p,49,76,0.0869,0.1676
17,17,p2p,49,30,0.1746,0.1676
17,17,p2p,49,86,0.0172,0.1677
17,17,p2p,31,86,0.0653,0.1672
17,17,p2p,31,24,0.0965,0.1674
17,17,p2p,31,12,0.2459,0.1675
17,17,p2p,31,57,0.1201,0.1683
17,17,p2p,31,60,0.2065,0.1687
17,17,p2p,31,46,0.1949,0.1695
17,17,p2p,17,46,0.0447,0.1683
17,17,p2p,17,13,0.3966,0.1758
17,17,p2p,39,13,0.4862,0.1756
17,17,p2p,32,13,0.3487,0.1754
17,17,p2p,21,13,0.085,0.1746
17,17,p2p,38,13,0.0497,0.1745
17,17,p2p,74,13,0.2698,0.1744
17,17,p2p,52,13,0.4498,0.174
17,17,p2p,62,13,0.0874,0.1739
17,17,p2p,93,13,0.0215,0.1738
17,17,p2p,90,13,0.1032,0.1738
17,17,p2p,0,13,0.3962,0.1736
17,17,p2p,23,13,0.1033,0.1724
17,17,p2p,56,13,0.0745,0.172
18,18,p2p,52,29,2.4703,0.2318
18,18,p2p,0,29,0.5297,0.2296
18,18,p2p,0,47,1.1906,0.2296
18,18,p2p,17,47,1.4226,0.2278
18,18,p2p,17,78,0.5753,0.2278
18,18,p2p,93,78,1.2875,0.2263
18,18,p2p,56,78,0.9804,0.2258
18,18,p2p,37,78,0.1568,0.2257
18,18,local_market,8,-1,0.9178,0.2547
18,18,local_market,11,-1,0.8336,0.2547
18,18,local_market,21,-1,0.8086,0.2547
18,18,local_market,33,-1,0.4977,0.2547
18,18,local_market,37,-1,0.832,0.2547
18,18,local_market,38,-1,0.7494,0.2547
18,18,local_market,62,-1,0.9698,0.2547
18,18,local_market,70,-1,0.7978,0.2547
18,18,local_market,72,-1,0.5141,0.2547
18,18,local_market,74,-1,0.9545,0.2547
18,18,local_market,90,-1,0.5678,0.2547
19,19,p2p,6,26,2.571,0.2366
19,19,p2p,6,9,0.429,0.2369
19,19,p2p,56,9,1.0728,0.2313
19,19,p2p,38,9,1.126,0.2307
19,19,p2p,62,9,0.3722,0.2305
19,19,p2p,62,10,0.5624,0.2305
19,19,p2p,90,10,0.6839,0.23
19,19,p2p,37,10,1.1778,0.2296
19,19,p2p,8,10,0.5759,0.229
19,19,local_market,8,-1,0.3621,0.2603
19,19,local_market,11,-1,1.1872,0.2603
19,19,local_market,21,-1,0.9191,0.2603
19,19,local_market,33,-1,0.712,0.2603
19,19,local_market,70,-1,0.9554,0.2603
19,19,local_market,72,-1,0.7062,0.2603
20,20,p2p,31,64,0.9806,0.2176
20,20,p2p,31,1,1.7407,0.2229
20,20,p2p,79,1,1.2593,0.2229
20,20,p2p,79,2,1.2995,0.2229
20,20,p2p,49,2,1.7005,0.2228
20,20,p2p,49,16,0.7045,0.2228
20,20,p2p,6,16,2.2763,0.2197
20,20,p2p,23,16,0.0192,0.2188
20,20,p2p,23,65,1.3288,0.2188
20,20,p2p,62,65,0.9823,0.2169
20,20,p2p,11,65,0.6888,0.2167
20,20,p2p,11,77,0.2583,0.2167
20,20,p2p,38,77,0.8622,0.2167
20,20,p2p,39,77,1.5795,0.2164
20,20,p2p,32,77,0.2999,0.2163
20,20,local_market,21,-1,0.7212,0.245
20,20,local_market,32,-1,1.093,0.245
20,20,local_market,33,-1,0.5896,0.245
20,20,local_market,56,-1,0.842,0.245
20,20,local_market,70,-1,0.7154,0.245
20,20,local_market,72,-1,0.5706,0.245
20,20,local_market,90,-1,0.6493,0.245
21,21,p2p,49,3,2.0682,0.1947
21,21,p2p,6,3,0.3967,0.1942
21,21,p2p,6,99,1.9203,0.1954
21,21,p2p,17,99,0.9605,0.1942
21,21,p2p,17,84,1.0568,0.1945
21,21,p2p,31,84,1.7686,0.1939
21,21,p2p,31,71,0.3008,0.1953
21,21,p2p,39,71,1.6892,0.195
21,21,p2p,79,71,0.8556,0.1949
21,21,p2p,79,80,1.461,0.1949
21,21,p2p,52,80,1.4642,0.1938
21,21,p2p,52,83,0.5193,0.1938
21,21,p2p,32,83,1.3762,0.192
21,21,p2p,0,83,1.066,0.1918
21,21,p2p,0,92,0.3428,0.1918
21,21,p2p,74,92,0.8384,0.1893
21,21,p2p,93,92,1.0714,0.1892
21,21,p2p,72,92,0.4498,0.1892
21,21,p2p,23,92,0.2977,0.189
21,21,p2p,23,96,0.7556,0.189
21,21,p2p,11,96,0.6616,0.1886
21,21,p2p,21,96,0.6836,0.1878
21,21,p2p,33,96,0.4168,0.1871
21,21,p2p,90,96,0.4265,0.1864
21,21,local_market,90,-1,0.028,0.2177
22,22,p2p,31,44,0.5277,0.1585
22,22,p2p,31,20,0.8904,0.1637
22,22,p2p,52,20,1.3302,0.1634
22,22,p2p,52,12,0.0971,0.1646
22,22,p2p,49,12,1.7219,0.1643
22,22,p2p,6,12,0.3602,0.164
22,22,p2p,6,73,1.0152,0.1645
22,22,p2p,17,73,1.1432,0.1643
22,22,p2p,17,82,0.2378,0.1643
22,22,p2p,39,82,1.2025,0.1641
22,22,p2p,32,82,0.6918,0.1637
22,22,p2p,32,89,0.3281,0.164
22,22,p2p,79,89,1.371,0.1634
22,22,p2p,0,89,0.5118,0.1633
22,22,p2p,0,87,0.4833,0.1635
22,22,p2p,93,87,0.8434,0.1625
22,22,p2p,37,87,0.6128,0.1614
22,22,p2p,23,87,0.2251,0.1611
22,22,p2p,23,86,0.4251,0.1617
22,22,p2p,33,86,0.3973,0.1611
22,22,p2p,8,86,0.5736,0.1608
22,22,p2p,74,86,0.5934,0.1607
22,22,p2p,90,86,0.3172,0.1607
23,23,p2p,6,45,1.0161,0.1422
23,23,p2p,52,45,0.7197,0.1404
23,23,p2p,79,45,0.1242,0.1404
23,23,p2p,79,28,0.8422,0.1407
23,23,p2p,17,28,0.7582,0.1406
23,23,p2p,31,28,0.2031,0.1405
23,23,p2p,31,43,0.689,0.1411
23,23,p2p,49,43,0.8602,0.141
23,23,p2p,32,43,0.3164,0.1407
23,23,p2p,32,4,0.2086,0.1412
23,23,p2p,23,4,0.4394,0.14
23,23,p2p,74,4,0.3969,0.14
23,23,p2p,39,4,0.3186,0.14
23,23,p2p,39,15,0.4017,0.1403
23,23,p2p,8,15,0.3108,0.1399
23,23,p2p,70,15,0.259,0.1396
23,23,p2p,56,15,0.3076,0.1395
23,23,p2p,0,15,0.5417,0.1395
23,23,p2p,0,58,0.1151,0.1408
23,23,p2p,38,58,0.2884,0.1408
23,23,p2p,37,58,0.3896,0.1406
23,23,p2p,33,58,0.25,0.1404
23,23,p2p,93,58,0.4961,0.1402
23,23,p2p,62,58,0.3459,0.14
