Timestep,Hour,Trade_Type,Buyer_ID,Seller_ID,Quantity_kWh,Price_Euro_kWh
0,0,p2p,79,70,0.25,0.1237
0,0,p2p,57,70,0.25,0.1234
0,0,p2p,68,70,0.25,0.1226
0,0,p2p,83,70,0.395,0.122
0,0,p2p,75,70,0.25,0.1208
0,0,p2p,51,70,0.4584,0.1206
0,0,local_market,13,-1,0.6831,0.1247
0,0,local_market,22,-1,0.3365,0.1143
0,0,local_market,50,-1,0.6517,0.1238
0,0,local_market,51,-1,0.0773,0.1065
0,0,local_market,56,-1,0.4126,0.1166
0,0,local_market,67,-1,0.6306,0.1231
0,0,local_market,74,-1,0.2651,0.1122
0,0,local_market,84,-1,0.4214,0.1168
0,0,local_market,98,-1,0.25,0.1117
1,1,p2p,74,90,0.2685,0.108
1,1,p2p,57,90,0.25,0.107
1,1,p2p,84,90,0.3958,0.1066
1,1,p2p,79,90,0.25,0.1062
1,1,p2p,98,90,0.25,0.1056
1,1,p2p,68,90,0.1122,0.1055
1,1,local_market,13,-1,0.4667,0.1072
1,1,local_market,22,-1,0.3016,0.1022
1,1,local_market,50,-1,0.4625,0.1071
1,1,local_market,51,-1,0.4813,0.1076
1,1,local_market,56,-1,0.4744,0.1074
1,1,local_market,67,-1,0.5141,0.1086
1,1,local_market,68,-1,0.1378,0.0973
1,1,local_market,75,-1,0.25,0.1007
1,1,local_market,83,-1,0.3665,0.1042
2,2,p2p,57,72,0.25,0.1069
2,2,p2p,84,72,0.3425,0.1063
2,2,p2p,68,72,0.25,0.1063
2,2,p2p,98,72,0.25,0.106
2,2,p2p,75,72,0.25,0.1057
2,2,p2p,83,72,0.2288,0.1057
2,2,local_market,13,-1,0.5687,0.1095
2,2,local_market,22,-1,0.2884,0.1011
2,2,local_market,50,-1,0.4484,0.1059
2,2,local_market,51,-1,0.3616,0.1032
2,2,local_market,56,-1,0.3878,0.104
2,2,local_market,67,-1,0.4725,0.1066
2,2,local_market,74,-1,0.2503,0.0999
2,2,local_market,79,-1,0.25,0.0999
2,2,local_market,83,-1,0.1726,0.0976
3,3,p2p,74,59,0.25,0.1126
3,3,p2p,75,59,0.25,0.1123
3,3,p2p,57,59,0.25,0.1114
3,3,p2p,56,59,0.373,0.1104
3,3,p2p,51,59,0.4036,0.11
3,3,p2p,98,59,0.25,0.1098
3,3,p2p,68,59,0.25,0.1094
3,3,p2p,79,59,0.169,0.109
3,3,local_market,13,-1,0.5444,0.1097
3,3,local_market,22,-1,0.3514,0.1039
3,3,local_market,50,-1,0.534,0.1094
3,3,local_market,67,-1,0.5698,0.1105
3,3,local_market,79,-1,0.081,0.0958
3,3,local_market,83,-1,0.4184,0.106
3,3,local_market,84,-1,0.4182,0.1059
4,4,p2p,68,95,0.25,0.1063
4,4,p2p,57,95,0.2429,0.1055
4,4,p2p,79,55,0.25,0.1239
4,4,p2p,74,55,0.3385,0.1239
4,4,p2p,98,55,0.25,0.1237
4,4,p2p,22,55,0.3724,0.1233
4,4,p2p,75,55,0.25,0.1231
4,4,p2p,84,55,0.3881,0.1223
4,4,p2p,56,55,0.52,0.1221
4,4,local_market,13,-1,0.6359,0.1199
4,4,local_market,50,-1,0.6642,0.1207
4,4,local_market,51,-1,0.4348,0.1138
4,4,local_market,67,-1,0.5816,0.1182
4,4,local_market,83,-1,0.429,0.1137
5,5,p2p,57,12,0.25,0.1552
5,5,p2p,98,12,0.25,0.1551
5,5,p2p,75,12,0.3458,0.153
5,5,p2p,68,12,0.3514,0.1527
5,5,p2p,74,12,0.4609,0.1523
5,5,p2p,79,12,0.0989,0.1516
5,5,p2p,79,7,0.2544,0.1538
5,5,p2p,83,7,0.549,0.1527
5,5,p2p,56,7,0.6273,0.1526
5,5,p2p,84,7,0.6001,0.1522
5,5,p2p,84,5,0.0542,0.1528
5,5,p2p,51,5,0.6737,0.1515
5,5,local_market,13,-1,1.0315,0.1688
5,5,local_market,22,-1,0.5946,0.1557
5,5,local_market,50,-1,0.9967,0.1678
5,5,local_market,67,-1,0.8528,0.1635
6,6,p2p,68,48,0.252,0.1848
6,6,p2p,68,73,0.2624,0.1931
6,6,p2p,86,73,0.0259,0.1915
6,6,p2p,32,73,0.0309,0.1913
6,6,p2p,98,73,0.501,0.1901
6,6,p2p,57,73,0.3649,0.1886
6,6,p2p,75,73,0.0508,0.1867
6,6,p2p,75,58,0.5508,0.1875
6,6,p2p,22,58,0.5601,0.1865
6,6,p2p,22,35,0.2883,0.1866
6,6,p2p,79,35,0.6872,0.1864
6,6,p2p,83,35,0.2592,0.1855
6,6,p2p,83,65,0.8016,0.1862
6,6,p2p,74,65,0.3916,0.1857
6,6,p2p,74,87,0.4418,0.1861
6,6,p2p,51,87,0.7495,0.1847
6,6,p2p,51,69,0.6954,0.1848
6,6,p2p,13,69,0.5002,0.1847
6,6,p2p,13,28,0.9688,0.1849
6,6,p2p,67,28,0.187,0.1837
6,6,p2p,67,14,1.1366,0.1844
6,6,p2p,67,46,0.2218,0.1844
6,6,local_market,50,-1,1.793,0.2394
6,6,local_market,56,-1,1.2613,0.2234
6,6,local_market,84,-1,1.3257,0.2254
7,7,p2p,68,79,0.0185,0.2145
7,7,p2p,68,57,0.0173,0.2162
7,7,p2p,88,78,0.1098,0.2205
7,7,p2p,64,78,0.0994,0.2203
7,7,p2p,75,78,0.2832,0.2196
7,7,p2p,98,78,0.111,0.2195
7,7,p2p,7,78,0.2534,0.2188
7,7,p2p,7,19,0.0327,0.2193
7,7,p2p,70,19,0.0801,0.2184
7,7,p2p,32,19,0.1518,0.2183
7,7,p2p,8,19,0.0614,0.2178
7,7,p2p,53,19,0.0566,0.2165
7,7,p2p,74,19,0.4732,0.2158
7,7,p2p,74,30,0.0713,0.2158
7,7,p2p,83,30,0.4716,0.2155
7,7,p2p,84,30,0.3409,0.2141
7,7,p2p,84,6,0.2646,0.2146
7,7,p2p,50,6,0.7277,0.2141
7,7,p2p,50,99,0.3557,0.2149
7,7,p2p,59,99,0.3793,0.2141
7,7,p2p,22,99,0.148,0.2135
7,7,p2p,22,76,0.4222,0.214
7,7,p2p,56,76,0.5427,0.2137
7,7,p2p,56,43,0.3434,0.2143
7,7,p2p,51,43,0.5033,0.2139
7,7,p2p,51,89,0.2997,0.2144
7,7,p2p,13,89,0.5151,0.214
7,7,p2p,13,61,0.4711,0.2144
7,7,p2p,55,61,0.231,0.2136
7,7,p2p,55,33,0.5933,0.2136
7,7,p2p,67,33,0.2635,0.2099
7,7,p2p,67,25,0.8628,0.2124
8,8,p2p,7,22,0.2016,0.2045
8,8,local_market,-1,13,0.4018,0.1942
8,8,local_market,-1,50,0.9386,0.1781
8,8,local_market,-1,51,0.8395,0.1811
8,8,local_market,-1,56,1.1002,0.1733
8,8,local_market,-1,57,0.6027,0.1882
8,8,local_market,-1,67,1.2388,0.1691
8,8,local_market,-1,68,0.3428,0.196
8,8,local_market,-1,74,0.8304,0.1814
8,8,local_market,-1,75,0.3968,0.1944
8,8,local_market,-1,79,0.5436,0.19
8,8,local_market,-1,83,0.6403,0.1871
8,8,local_market,-1,84,0.2798,0.1979
8,8,local_market,-1,98,0.4986,0.1913
9,9,local_market,-1,13,0.9696,0.1437
9,9,local_market,-1,22,1.6075,0.1246
9,9,local_market,-1,50,1.8084,0.1185
9,9,local_market,-1,51,0.8483,0.1474
9,9,local_market,-1,56,1.4987,0.1278
9,9,local_market,-1,57,1.204,0.1367
9,9,local_market,-1,67,1.8793,0.1164
9,9,local_market,-1,68,0.7706,0.1497
9,9,local_market,-1,74,1.7624,0.1199
9,9,local_market,-1,75,1.6445,0.1235
9,9,local_market,-1,79,1.2299,0.1359
9,9,local_market,-1,83,1.2533,0.1352
9,9,local_market,-1,84,2.0991,0.1098
9,9,local_market,-1,98,0.6922,0.152
10,10,local_market,-1,13,1.7435,0.1208
10,10,local_market,-1,22,2.2427,0.1058
10,10,local_market,-1,50,1.6063,0.1249
10,10,local_market,-1,51,2.6277,0.0943
10,10,local_market,-1,56,2.9025,0.086
10,10,local_market,-1,57,1.5464,0.1267
10,10,local_market,-1,67,3.0,0.0831
10,10,local_market,-1,68,1.3353,0.133
10,10,local_market,-1,74,1.327,0.1333
10,10,local_market,-1,75,1.0786,0.1407
10,10,local_market,-1,79,1.5259,0.1273
10,10,local_market,-1,83,2.7564,0.0904
10,10,local_market,-1,84,2.2537,0.1055
10,10,local_market,-1,98,1.6818,0.1226
11,11,local_market,-1,13,2.8116,0.0961
11,11,local_market,-1,22,3.0,0.0904
11,11,local_market,-1,26,0.1544,0.1758
11,11,local_market,-1,50,3.0,0.0904
11,11,local_market,-1,51,2.551,0.1039
11,11,local_market,-1,56,2.1781,0.1151
11,11,local_market,-1,57,1.1139,0.147
11,11,local_market,-1,67,2.0844,0.1179
11,11,local_market,-1,68,2.3018,0.1113
11,11,local_market,-1,74,2.7809,0.097
11,11,local_market,-1,75,1.7175,0.1289
11,11,local_market,-1,79,2.127,0.1166
11,11,local_market,-1,83,2.683,0.0999
11,11,local_market,-1,84,2.2565,0.1127
11,11,local_market,-1,98,2.0963,0.1175
12,12,local_market,-1,2,0.2287,0.1953
12,12,local_market,-1,4,0.8257,0.1774
12,12,local_market,-1,8,1.0855,0.1696
12,12,local_market,-1,9,0.3254,0.1924
12,12,local_market,-1,10,0.461,0.1884
12,12,local_market,-1,11,0.1243,0.1985
12,12,local_market,-1,13,1.8308,0.1473
12,12,local_market,-1,15,0.9,0.1752
12,12,local_market,-1,17,2.2215,0.1356
12,12,local_market,-1,20,1.5354,0.1561
12,12,local_market,-1,22,3.0,0.1122
12,12,local_market,-1,26,1.7647,0.1493
12,12,local_market,-1,27,0.0961,0.1993
12,12,local_market,-1,29,1.4402,0.159
12,12,local_market,-1,32,0.6629,0.1823
12,12,local_market,-1,36,0.3408,0.192
12,12,local_market,-1,38,0.3831,0.1907
12,12,local_market,-1,39,1.5749,0.155
12,12,local_market,-1,41,1.2854,0.1636
12,12,local_market,-1,42,1.0659,0.1702
12,12,local_market,-1,50,1.5145,0.1568
12,12,local_market,-1,51,3.0,0.1122
12,12,local_market,-1,52,0.4459,0.1888
12,12,local_market,-1,53,0.4065,0.19
12,12,local_market,-1,56,3.0,0.1122
12,12,local_market,-1,57,1.0072,0.172
12,12,local_market,-1,62,0.0453,0.2008
12,12,local_market,-1,64,0.2302,0.1953
12,12,local_market,-1,67,2.696,0.1213
12,12,local_market,-1,68,2.1325,0.1382
12,12,local_market,-1,74,2.6902,0.1215
12,12,local_market,-1,75,2.0162,0.1417
12,12,local_market,-1,79,1.6506,0.1527
12,12,local_market,-1,81,0.2106,0.1959
12,12,local_market,-1,83,2.8967,0.1153
12,12,local_market,-1,84,2.9689,0.1131
12,12,local_market,-1,86,0.0814,0.1998
12,12,local_market,-1,96,0.5192,0.1866
12,12,local_market,-1,98,1.2475,0.1648
13,13,local_market,-1,0,2.5377,0.0875
13,13,local_market,-1,1,0.4882,0.149
13,13,local_market,-1,2,1.5819,0.1161
13,13,local_market,-1,3,0.2,0.1576
13,13,local_market,-1,4,1.3599,0.1228
13,13,local_market,-1,6,0.3361,0.1535
13,13,local_market,-1,8,0.9379,0.1355
13,13,local_market,-1,9,1.2588,0.1258
13,13,local_market,-1,10,1.7545,0.111
13,13,local_market,-1,11,1.9811,0.1042
13,13,local_market,-1,13,3.0,0.0736
13,13,local_market,-1,15,1.7012,0.1126
13,13,local_market,-1,17,1.0143,0.1332
13,13,local_market,-1,18,1.5809,0.1162
13,13,local_market,-1,20,1.2785,0.1252
13,13,local_market,-1,22,2.5198,0.088
13,13,local_market,-1,23,1.7008,0.1126
13,13,local_market,-1,24,1.2637,0.1257
13,13,local_market,-1,26,0.9397,0.1354
13,13,local_market,-1,27,2.0736,0.1014
13,13,local_market,-1,29,1.4912,0.1189
13,13,local_market,-1,31,0.964,0.1347
13,13,local_market,-1,32,1.1102,0.1303
13,13,local_market,-1,33,0.889,0.1369
13,13,local_market,-1,34,0.0856,0.161
13,13,local_market,-1,36,0.7642,0.1407
13,13,local_market,-1,38,1.1774,0.1283
13,13,local_market,-1,39,1.0294,0.1327
13,13,local_market,-1,41,2.0189,0.103
13,13,local_market,-1,42,2.151,0.0991
13,13,local_market,-1,44,1.9322,0.1056
13,13,local_market,-1,45,1.5131,0.1182
13,13,local_market,-1,47,0.054,0.162
13,13,local_market,-1,48,0.3199,0.154
13,13,local_market,-1,49,1.0573,0.1319
13,13,local_market,-1,50,2.6731,0.0834
13,13,local_market,-1,51,2.4179,0.0911
13,13,local_market,-1,52,1.4738,0.1194
13,13,local_market,-1,53,1.4664,0.1196
13,13,local_market,-1,54,1.3761,0.1223
13,13,local_market,-1,56,2.9987,0.0736
13,13,local_market,-1,57,1.6207,0.115
13,13,local_market,-1,58,0.2593,0.1558
13,13,local_market,-1,61,0.9765,0.1343
13,13,local_market,-1,62,1.0886,0.1309
13,13,local_market,-1,63,0.1819,0.1581
13,13,local_market,-1,64,1.2385,0.1264
13,13,local_market,-1,67,3.0,0.0736
13,13,local_market,-1,68,1.2448,0.1263
13,13,local_market,-1,71,0.8303,0.1387
13,13,local_market,-1,73,1.618,0.1151
13,13,local_market,-1,74,2.5112,0.0883
13,13,local_market,-1,75,2.3428,0.0933
13,13,local_market,-1,76,0.1661,0.1586
13,13,local_market,-1,77,0.832,0.1386
13,13,local_market,-1,79,1.5799,0.1162
13,13,local_market,-1,80,1.5152,0.1181
13,13,local_market,-1,81,0.9259,0.1358
13,13,local_market,-1,83,1.7148,0.1122
13,13,local_market,-1,84,2.7565,0.0809
13,13,local_market,-1,85,1.4018,0.1215
13,13,local_market,-1,86,0.8643,0.1377
13,13,local_market,-1,88,1.1951,0.1277
13,13,local_market,-1,89,0.8011,0.1396
13,13,local_market,-1,91,0.3789,0.1522
13,13,local_market,-1,92,0.5313,0.1477
13,13,local_market,-1,93,0.4333,0.1506
13,13,local_market,-1,96,0.9519,0.135
13,13,local_market,-1,98,0.9331,0.1356
13,13,local_market,-1,99,0.5749,0.1464
14,14,local_market,-1,0,2.9226,0.0629
14,14,local_market,-1,1,1.4118,0.1082
14,14,local_market,-1,2,1.8466,0.0952
14,14,local_market,-1,3,1.646,0.1012
14,14,local_market,-1,4,1.9165,0.0931
14,14,local_market,-1,6,2.2439,0.0833
14,14,local_market,-1,8,0.9129,0.1232
14,14,local_market,-1,9,0.8833,0.1241
14,14,local_market,-1,10,0.8505,0.1251
14,14,local_market,-1,11,1.8122,0.0962
14,14,local_market,-1,13,2.4517,0.077
14,14,local_market,-1,14,2.0953,0.0877
14,14,local_market,-1,15,1.1461,0.1162
14,14,local_market,-1,16,1.8788,0.0942
14,14,local_market,-1,17,1.2837,0.1121
14,14,local_market,-1,18,1.4052,0.1084
14,14,local_market,-1,19,1.3138,0.1112
14,14,local_market,-1,20,1.4199,0.108
14,14,local_market,-1,21,1.6047,0.1025
14,14,local_market,-1,22,2.2349,0.0836
14,14,local_market,-1,23,2.1171,0.0871
14,14,local_market,-1,24,1.9359,0.0925
14,14,local_market,-1,26,1.1363,0.1165
14,14,local_market,-1,27,1.7358,0.0985
14,14,local_market,-1,28,0.3259,0.1408
14,14,local_market,-1,29,1.9087,0.0933
14,14,local_market,-1,30,2.6789,0.0702
14,14,local_market,-1,31,0.9162,0.1231
14,14,local_market,-1,32,1.1174,0.1171
14,14,local_market,-1,33,1.1352,0.1165
14,14,local_market,-1,34,2.3629,0.0797
14,14,local_market,-1,35,0.2093,0.1443
14,14,local_market,-1,36,1.2612,0.1128
14,14,local_market,-1,37,0.9217,0.1229
14,14,local_market,-1,38,1.2932,0.1118
14,14,local_market,-1,39,1.9594,0.0918
14,14,local_market,-1,40,2.428,0.0778
14,14,local_market,-1,41,1.016,0.1201
14,14,local_market,-1,42,1.1516,0.1161
14,14,local_market,-1,43,2.0001,0.0906
14,14,local_market,-1,44,1.3451,0.1102
14,14,local_market,-1,45,1.7754,0.0973
14,14,local_market,-1,47,1.2246,0.1139
14,14,local_market,-1,48,3.0,0.0606
14,14,local_market,-1,49,2.0422,0.0893
14,14,local_market,-1,50,2.8214,0.066
14,14,local_market,-1,51,3.0,0.0606
14,14,local_market,-1,52,1.0808,0.1182
14,14,local_market,-1,53,0.8358,0.1255
14,14,local_market,-1,54,1.8006,0.0966
14,14,local_market,-1,55,0.9569,0.1219
14,14,local_market,-1,56,2.3719,0.0794
14,14,local_market,-1,57,1.4035,0.1085
14,14,local_market,-1,58,3.0,0.0606
14,14,local_market,-1,59,1.1468,0.1162
14,14,local_market,-1,60,2.5563,0.0739
14,14,local_market,-1,61,2.9207,0.063
14,14,local_market,-1,62,1.5279,0.1048
14,14,local_market,-1,63,2.6683,0.0706
14,14,local_market,-1,64,1.0237,0.1199
14,14,local_market,-1,67,3.0,0.0606
14,14,local_market,-1,68,1.7556,0.0979
14,14,local_market,-1,69,1.1314,0.1167
14,14,local_market,-1,71,1.7709,0.0975
14,14,local_market,-1,73,1.0809,0.1182
14,14,local_market,-1,74,1.7475,0.0982
14,14,local_market,-1,75,1.2959,0.1117
14,14,local_market,-1,76,2.0894,0.0879
14,14,local_market,-1,77,2.8561,0.0649
14,14,local_market,-1,78,0.5148,0.1352
14,14,local_market,-1,79,1.5298,0.1047
14,14,local_market,-1,80,1.6744,0.1004
14,14,local_market,-1,81,0.9423,0.1223
14,14,local_market,-1,83,2.6075,0.0724
14,14,local_market,-1,84,2.9001,0.0636
14,14,local_market,-1,85,1.5828,0.1031
14,14,local_market,-1,86,1.3889,0.1089
14,14,local_market,-1,88,1.2733,0.1124
14,14,local_market,-1,89,0.9769,0.1213
14,14,local_market,-1,90,0.1248,0.1469
14,14,local_market,-1,91,1.1279,0.1168
14,14,local_market,-1,92,1.4139,0.1082
14,14,local_market,-1,93,2.0468,0.0892
14,14,local_market,-1,94,1.8526,0.095
14,14,local_market,-1,96,1.3959,0.1087
14,14,local_market,-1,97,2.5894,0.0729
14,14,local_market,-1,98,1.0892,0.1179
14,14,local_market,-1,99,2.4356,0.0775
15,15,local_market,-1,0,2.1017,0.0844
15,15,local_market,-1,1,1.6096,0.0992
15,15,local_market,-1,2,0.9376,0.1194
15,15,local_market,-1,3,1.1367,0.1134
15,15,local_market,-1,4,1.3031,0.1084
15,15,local_market,-1,6,2.1086,0.0842
15,15,local_market,-1,8,0.6318,0.1285
15,15,local_market,-1,9,0.5577,0.1308
15,15,local_market,-1,10,1.174,0.1123
15,15,local_market,-1,11,1.3406,0.1073
15,15,local_market,-1,13,1.6837,0.097
15,15,local_market,-1,14,2.0563,0.0858
15,15,local_market,-1,15,1.3966,0.1056
15,15,local_market,-1,16,1.8365,0.0924
15,15,local_market,-1,17,0.7133,0.1261
15,15,local_market,-1,18,2.4149,0.0751
15,15,local_market,-1,19,1.9874,0.0879
15,15,local_market,-1,20,1.2188,0.1109
15,15,local_market,-1,21,2.2168,0.081
15,15,local_market,-1,22,2.0883,0.0849
15,15,local_market,-1,23,1.5081,0.1023
15,15,local_market,-1,24,1.9355,0.0894
15,15,local_market,-1,26,0.9121,0.1201
15,15,local_market,-1,27,1.0523,0.1159
15,15,local_market,-1,28,2.3589,0.0767
15,15,local_market,-1,29,1.0618,0.1156
15,15,local_market,-1,30,1.8236,0.0928
15,15,local_market,-1,31,1.4373,0.1044
15,15,local_market,-1,32,0.9951,0.1176
15,15,local_market,-1,33,1.7063,0.0963
15,15,local_market,-1,34,2.3846,0.076
15,15,local_market,-1,35,2.623,0.0688
15,15,local_market,-1,36,0.9508,0.119
15,15,local_market,-1,37,1.232,0.1105
15,15,local_market,-1,38,1.3293,0.1076
15,15,local_market,-1,39,0.7635,0.1246
15,15,local_market,-1,40,1.6233,0.0988
15,15,local_market,-1,41,0.9851,0.1179
15,15,local_market,-1,42,0.9378,0.1194
15,15,local_market,-1,43,2.0143,0.0871
15,15,local_market,-1,44,1.108,0.1143
15,15,local_market,-1,45,1.2633,0.1096
15,15,local_market,-1,47,1.6215,0.0989
15,15,local_market,-1,48,0.996,0.1176
15,15,local_market,-1,49,1.1869,0.1119
15,15,local_market,-1,50,1.3592,0.1067
15,15,local_market,-1,51,1.9171,0.09
15,15,local_market,-1,52,1.0835,0.115
15,15,local_market,-1,53,1.0243,0.1168
15,15,local_market,-1,54,1.4328,0.1045
15,15,local_market,-1,55,2.7094,0.0662
15,15,local_market,-1,56,2.3886,0.0758
15,15,local_market,-1,57,0.8322,0.1225
15,15,local_market,-1,58,1.7269,0.0957
15,15,local_market,-1,59,1.6721,0.0973
15,15,local_market,-1,60,1.294,0.1087
15,15,local_market,-1,61,1.7158,0.096
15,15,local_market,-1,62,0.5699,0.1304
15,15,local_market,-1,63,2.576,0.0702
15,15,local_market,-1,64,0.8025,0.1234
15,15,local_market,-1,65,0.2355,0.1404
15,15,local_market,-1,66,0.7403,0.1253
15,15,local_market,-1,67,2.5824,0.07
15,15,local_market,-1,68,1.3842,0.106
15,15,local_market,-1,69,2.7373,0.0654
15,15,local_market,-1,71,1.3281,0.1077
15,15,local_market,-1,72,1.5042,0.1024
15,15,local_market,-1,73,1.9289,0.0896
15,15,local_market,-1,74,1.5236,0.1018
15,15,local_market,-1,75,0.9485,0.119
15,15,local_market,-1,76,1.3898,0.1058
15,15,local_market,-1,77,1.426,0.1047
15,15,local_market,-1,78,1.7207,0.0959
15,15,local_market,-1,79,0.7054,0.1263
15,15,local_market,-1,80,1.7348,0.0955
15,15,local_market,-1,81,0.6872,0.1269
15,15,local_market,-1,82,1.6753,0.0972
15,15,local_market,-1,83,0.954,0.1189
15,15,local_market,-1,84,1.6008,0.0995
15,15,local_market,-1,85,1.4338,0.1045
15,15,local_market,-1,86,1.0814,0.1151
15,15,local_market,-1,87,0.2431,0.1402
15,15,local_market,-1,88,0.8618,0.1216
15,15,local_market,-1,89,1.062,0.1156
15,15,local_market,-1,90,2.5919,0.0697
15,15,local_market,-1,91,2.4192,0.0749
15,15,local_market,-1,92,1.1363,0.1134
15,15,local_market,-1,93,1.1884,0.1118
15,15,local_market,-1,94,2.2054,0.0813
15,15,local_market,-1,95,1.7078,0.0963
15,15,local_market,-1,96,0.8901,0.1208
15,15,local_market,-1,97,1.5888,0.0998
15,15,local_market,-1,98,1.3497,0.107
15,15,local_market,-1,99,1.6261,0.0987
16,16,local_market,-1,0,0.9488,0.1372
16,16,local_market,-1,1,1.5016,0.1207
16,16,local_market,-1,2,0.4981,0.1508
16,16,local_market,-1,3,0.6943,0.1449
16,16,local_market,-1,4,0.6286,0.1468
16,16,local_market,-1,5,0.3162,0.1562
16,16,local_market,-1,6,0.7669,0.1427
16,16,local_market,-1,8,0.7003,0.1447
16,16,local_market,-1,9,0.3414,0.1555
16,16,local_market,-1,10,0.6059,0.1475
16,16,local_market,-1,11,0.2841,0.1572
16,16,local_market,-1,12,1.0347,0.1347
16,16,local_market,-1,13,0.2602,0.1579
16,16,local_market,-1,14,0.1998,0.1597
16,16,local_market,-1,15,0.3793,0.1543
16,16,local_market,-1,16,1.2259,0.1289
16,16,local_market,-1,17,0.5964,0.1478
16,16,local_market,-1,18,1.2891,0.127
16,16,local_market,-1,19,1.2704,0.1276
16,16,local_market,-1,20,0.3413,0.1555
16,16,local_market,-1,21,0.6195,0.1471
16,16,local_market,-1,22,0.9079,0.1385
16,16,local_market,-1,23,0.9086,0.1384
16,16,local_market,-1,24,0.3608,0.1549
16,16,local_market,-1,25,0.5699,0.1486
16,16,local_market,-1,26,0.515,0.1502
16,16,local_market,-1,27,0.702,0.1446
16,16,local_market,-1,28,1.2927,0.1269
16,16,local_market,-1,29,0.9181,0.1382
16,16,local_market,-1,30,1.655,0.116
16,16,local_market,-1,31,0.7584,0.1429
16,16,local_market,-1,32,0.3684,0.1546
16,16,local_market,-1,33,0.3631,0.1548
16,16,local_market,-1,34,0.8538,0.1401
16,16,local_market,-1,35,0.3676,0.1547
16,16,local_market,-1,36,0.7296,0.1438
16,16,local_market,-1,37,1.1295,0.1318
16,16,local_market,-1,38,0.4357,0.1526
16,16,local_market,-1,39,0.9625,0.1368
16,16,local_market,-1,40,1.3443,0.1254
16,16,local_market,-1,41,0.4162,0.1532
16,16,local_market,-1,42,0.4555,0.152
16,16,local_market,-1,43,0.6796,0.1453
16,16,local_market,-1,44,0.9404,0.1375
16,16,local_market,-1,45,0.7282,0.1439
16,16,local_market,-1,46,0.0748,0.1635
16,16,local_market,-1,47,1.1108,0.1324
16,16,local_market,-1,48,1.1138,0.1323
16,16,local_market,-1,49,0.854,0.1401
16,16,local_market,-1,50,1.657,0.116
16,16,local_market,-1,51,0.4836,0.1512
16,16,local_market,-1,52,1.0279,0.1349
16,16,local_market,-1,53,0.6704,0.1456
16,16,local_market,-1,54,0.5891,0.148
16,16,local_market,-1,55,1.6383,0.1166
16,16,local_market,-1,56,1.2846,0.1272
16,16,local_market,-1,57,0.2466,0.1583
16,16,local_market,-1,58,0.9349,0.1377
16,16,local_market,-1,59,1.6668,0.1157
16,16,local_market,-1,60,0.4529,0.1521
16,16,local_market,-1,61,0.5535,0.1491
16,16,local_market,-1,62,0.7921,0.1419
16,16,local_market,-1,63,0.3832,0.1542
16,16,local_market,-1,64,0.3391,0.1555
16,16,local_market,-1,65,0.1556,0.161
16,16,local_market,-1,66,1.4121,0.1233
16,16,local_market,-1,67,0.4896,0.151
16,16,local_market,-1,68,0.3278,0.1559
16,16,local_market,-1,69,1.3666,0.1247
16,16,local_market,-1,71,0.5376,0.1496
16,16,local_market,-1,72,1.12,0.1321
16,16,local_market,-1,73,1.0629,0.1338
16,16,local_market,-1,74,0.4066,0.1535
16,16,local_market,-1,75,0.7061,0.1445
16,16,local_market,-1,76,0.7973,0.1418
16,16,local_market,-1,77,1.3134,0.1263
16,16,local_market,-1,78,0.5316,0.1498
16,16,local_market,-1,79,0.4653,0.1517
16,16,local_market,-1,80,0.7925,0.1419
16,16,local_market,-1,81,0.3302,0.1558
16,16,local_market,-1,82,0.8496,0.1402
16,16,local_market,-1,83,0.7554,0.143
16,16,local_market,-1,84,0.5653,0.1487
16,16,local_market,-1,85,0.4129,0.1533
16,16,local_market,-1,86,0.5781,0.1484
16,16,local_market,-1,87,0.7058,0.1445
16,16,local_market,-1,88,0.3123,0.1563
16,16,local_market,-1,89,0.7455,0.1433
16,16,local_market,-1,90,0.4009,0.1537
16,16,local_market,-1,91,0.6521,0.1461
16,16,local_market,-1,92,1.1842,0.1302
16,16,local_market,-1,93,0.6594,0.1459
16,16,local_market,-1,94,0.5794,0.1483
16,16,local_market,-1,95,1.2981,0.1268
16,16,local_market,-1,96,0.6141,0.1473
16,16,local_market,-1,97,1.4056,0.1235
16,16,local_market,-1,98,0.7742,0.1425
16,16,local_market,-1,99,0.883,0.1392
17,17,p2p,50,72,0.0883,0.174
17,17,p2p,57,72,0.0114,0.174
17,17,p2p,68,72,0.0457,0.174
17,17,p2p,68,77,0.0723,0.174
17,17,p2p,68,86,0.0691,0.174
17,17,p2p,83,95,0.0152,0.174
17,17,p2p,56,96,0.1646,0.1715
17,17,p2p,56,99,0.0141,0.1715
17,17,p2p,56,39,0.0128,0.172
17,17,p2p,22,39,0.195,0.172
17,17,p2p,22,0,0.1099,0.172
17,17,p2p,74,0,0.0193,0.1715
17,17,p2p,74,23,0.0822,0.1715
17,17,p2p,74,53,0.0332,0.1717
17,17,p2p,74,71,0.0343,0.1718
17,17,p2p,75,71,0.1032,0.1718
17,17,p2p,75,90,0.0173,0.1719
17,17,p2p,79,90,0.0703,0.171
17,17,p2p,98,90,0.0631,0.1705
17,17,p2p,98,93,0.0811,0.1706
17,17,p2p,67,93,0.0743,0.1703
17,17,p2p,67,54,0.0739,0.1713
17,17,p2p,67,10,0.1268,0.1713
17,17,p2p,67,2,0.0918,0.1714
17,17,p2p,84,2,0.0588,0.1713
17,17,p2p,84,1,0.0179,0.1716
17,17,p2p,84,62,0.163,0.1717
17,17,p2p,84,51,0.1086,0.1718
17,17,p2p,13,51,0.0652,0.1655
17,17,p2p,13,43,0.0606,0.1661
17,17,p2p,13,49,0.1598,0.1664
17,17,p2p,13,15,0.1442,0.1665
17,17,p2p,13,64,0.182,0.1667
17,17,p2p,13,38,0.1658,0.1673
18,18,local_market,13,-1,2.6433,0.311
18,18,local_market,22,-1,1.224,0.2684
18,18,local_market,50,-1,2.5514,0.3082
18,18,local_market,51,-1,1.6833,0.2822
18,18,local_market,56,-1,1.9187,0.2893
18,18,local_market,57,-1,0.5874,0.2493
18,18,local_market,67,-1,2.3724,0.3029
18,18,local_market,68,-1,0.8861,0.2583
18,18,local_market,74,-1,1.0734,0.2639
18,18,local_market,75,-1,0.7699,0.2548
18,18,local_market,79,-1,0.8323,0.2567
18,18,local_market,83,-1,1.8568,0.2874
18,18,local_market,84,-1,1.8934,0.2885
18,18,local_market,98,-1,0.6241,0.2504
19,19,local_market,13,-1,2.9241,0.3314
19,19,local_market,22,-1,1.8117,0.2981
19,19,local_market,50,-1,2.9586,0.3325
19,19,local_market,51,-1,2.2946,0.3125
19,19,local_market,56,-1,2.5175,0.3192
19,19,local_market,57,-1,0.7148,0.2651
19,19,local_market,67,-1,3.0,0.3337
19,19,local_market,68,-1,0.9449,0.272
19,19,local_market,74,-1,1.5686,0.2908
19,19,local_market,75,-1,1.1033,0.2768
19,19,local_market,79,-1,1.0603,0.2755
19,19,local_market,83,-1,2.0501,0.3052
19,19,local_market,84,-1,1.9081,0.3009
19,19,local_market,98,-1,0.8101,0.268
20,20,local_market,13,-1,2.8141,0.2986
20,20,local_market,22,-1,1.4636,0.2581
20,20,local_market,50,-1,2.2456,0.2816
20,20,local_market,51,-1,1.9307,0.2721
20,20,local_market,56,-1,1.9132,0.2716
20,20,local_market,57,-1,0.5609,0.231
20,20,local_market,67,-1,2.43,0.2871
20,20,local_market,68,-1,0.8662,0.2402
20,20,local_market,74,-1,1.2259,0.251
20,20,local_market,75,-1,0.8316,0.2391
20,20,local_market,79,-1,0.8378,0.2393
20,20,local_market,83,-1,1.5859,0.2618
20,20,local_market,84,-1,2.042,0.2755
20,20,local_market,98,-1,0.8533,0.2398
21,21,p2p,79,91,0.1807,0.1949
21,21,local_market,13,-1,2.0934,0.2633
21,21,local_market,22,-1,1.374,0.2417
21,21,local_market,51,-1,1.8205,0.2551
21,21,local_market,56,-1,1.7019,0.2516
21,21,local_market,57,-1,0.424,0.2132
21,21,local_market,68,-1,0.7363,0.2226
21,21,local_market,74,-1,1.0187,0.2311
21,21,local_market,75,-1,0.8066,0.2247
21,21,local_market,79,-1,0.5469,0.2169
21,21,local_market,83,-1,1.2564,0.2382
21,21,local_market,84,-1,1.2847,0.239
21,21,local_market,98,-1,0.539,0.2167
22,22,p2p,75,94,0.5015,0.191
22,22,p2p,79,94,0.6324,0.19
22,22,local_market,22,-1,1.0003,0.2011
22,22,local_market,50,-1,1.3027,0.2102
22,22,local_market,51,-1,1.3182,0.2106
22,22,local_market,57,-1,0.4005,0.1831
22,22,local_market,67,-1,1.6197,0.2197
22,22,local_market,68,-1,0.526,0.1869
22,22,local_market,74,-1,0.6491,0.1906
22,22,local_market,83,-1,1.0963,0.204
22,22,local_market,84,-1,1.0384,0.2023
22,22,local_market,98,-1,0.4595,0.1849
23,23,p2p,79,16,0.3052,0.1339
23,23,p2p,57,16,0.0128,0.1328
23,23,p2p,57,89,0.2372,0.1485
23,23,p2p,68,89,0.3403,0.1484
23,23,p2p,22,89,0.4661,0.1475
23,23,p2p,75,89,0.3038,0.1463
23,23,p2p,74,89,0.5005,0.1459
23,23,p2p,98,89,0.2165,0.1452
23,23,local_market,13,-1,0.8476,0.1572
23,23,local_market,50,-1,0.9654,0.1608
23,23,local_market,51,-1,0.7181,0.1533
23,23,local_market,56,-1,0.6878,0.1524
23,23,local_market,67,-1,0.8408,0.157
23,23,local_market,83,-1,0.6851,0.1524
23,23,local_market,98,-1,0.0546,0.1334
