Timestep,Hour,Trade_Type,Buyer_ID,Seller_ID,Quantity_kWh,Price_Euro_kWh
0,0,p2p,96,25,0.5503,0.102
0,0,p2p,94,25,0.6198,0.1017
0,0,p2p,71,25,0.0704,0.1013
0,0,p2p,71,99,0.5312,0.1076
0,0,p2p,8,99,0.25,0.1074
0,0,p2p,80,99,0.2973,0.1073
0,0,p2p,24,99,0.4063,0.1073
0,0,p2p,23,99,0.25,0.1068
0,0,p2p,78,99,0.4717,0.1068
0,0,p2p,17,99,0.3969,0.1068
0,0,p2p,4,99,0.25,0.1065
0,0,p2p,98,99,0.1465,0.1063
0,0,local_market,48,-1,0.2632,0.1131
0,0,local_market,88,-1,0.3602,0.116
0,0,local_market,98,-1,0.1035,0.1083
1,1,p2p,94,16,0.5733,0.0893
1,1,p2p,88,16,0.3563,0.0886
1,1,p2p,78,16,0.1019,0.0884
1,1,p2p,78,52,0.3106,0.0944
1,1,p2p,96,52,0.4683,0.0944
1,1,p2p,71,52,0.4685,0.0944
1,1,p2p,24,52,0.2836,0.0942
1,1,p2p,98,52,0.25,0.0942
1,1,p2p,23,52,0.25,0.0941
1,1,p2p,80,52,0.2796,0.0939
1,1,p2p,48,52,0.25,0.0938
1,1,p2p,17,52,0.3924,0.0932
1,1,local_market,4,-1,0.25,0.0995
1,1,local_market,8,-1,0.25,0.0995
2,2,p2p,96,77,0.4853,0.0935
2,2,p2p,71,77,0.5672,0.0934
2,2,p2p,94,77,0.4154,0.0928
2,2,p2p,94,7,0.0552,0.0967
2,2,p2p,8,7,0.25,0.0964
2,2,p2p,24,7,0.3284,0.0963
2,2,p2p,78,7,0.4374,0.0963
2,2,p2p,80,7,0.25,0.0961
2,2,p2p,17,7,0.4174,0.0961
2,2,p2p,4,7,0.25,0.0957
2,2,p2p,48,7,0.25,0.0957
2,2,p2p,88,7,0.3811,0.0956
2,2,local_market,23,-1,0.25,0.1016
2,2,local_market,98,-1,0.25,0.1016
3,3,p2p,94,12,0.5328,0.0921
3,3,p2p,96,12,0.4672,0.0918
3,3,p2p,71,12,0.5158,0.0915
3,3,p2p,88,12,0.0973,0.0914
3,3,p2p,88,18,0.218,0.0952
3,3,p2p,98,18,0.25,0.0945
3,3,p2p,24,18,0.3328,0.0945
3,3,p2p,78,18,0.3812,0.094
3,3,p2p,8,18,0.25,0.0938
3,3,p2p,17,18,0.357,0.0937
3,3,p2p,80,18,0.2939,0.0936
3,3,p2p,4,18,0.25,0.0933
3,3,p2p,48,18,0.25,0.0932
3,3,p2p,23,18,0.2504,0.0932
4,4,p2p,71,95,0.3236,0.0983
4,4,p2p,71,1,0.3222,0.1024
4,4,p2p,96,1,0.5412,0.1018
4,4,p2p,98,1,0.25,0.1009
4,4,p2p,17,1,0.4764,0.1007
4,4,p2p,94,1,0.5705,0.1006
4,4,p2p,4,1,0.1689,0.1003
4,4,p2p,4,61,0.0811,0.1006
4,4,p2p,78,61,0.4626,0.1001
4,4,p2p,80,61,0.3262,0.1001
4,4,p2p,88,61,0.3854,0.1
4,4,p2p,24,61,0.3068,0.0998
4,4,p2p,23,61,0.25,0.0998
4,4,p2p,48,61,0.25,0.0998
4,4,p2p,8,61,0.25,0.0996
5,5,p2p,71,33,0.9792,0.1374
5,5,p2p,96,33,0.8377,0.1374
5,5,p2p,94,33,0.0997,0.1364
5,5,p2p,94,85,0.8076,0.1365
5,5,p2p,78,85,0.6716,0.1358
5,5,p2p,17,85,0.4757,0.1357
5,5,p2p,17,79,0.134,0.1359
5,5,p2p,98,79,0.3794,0.1359
5,5,p2p,80,79,0.4496,0.1358
5,5,p2p,8,79,0.25,0.1356
5,5,p2p,48,79,0.4329,0.1354
5,5,p2p,88,79,0.2848,0.1349
5,5,p2p,88,20,0.3681,0.1356
5,5,p2p,24,20,0.5262,0.1349
5,5,p2p,23,20,0.3417,0.1343
5,5,p2p,4,20,0.2929,0.1341
6,6,p2p,78,44,1.203,0.1869
6,6,p2p,78,29,0.2111,0.1871
6,6,p2p,71,29,0.1594,0.1865
6,6,p2p,71,58,1.1268,0.1866
6,6,p2p,71,11,0.5235,0.1873
6,6,p2p,88,11,0.6228,0.1865
6,6,p2p,88,26,0.4134,0.1867
6,6,p2p,17,26,0.6986,0.1866
6,6,p2p,17,6,0.373,0.1868
6,6,p2p,96,6,0.8731,0.1867
6,6,p2p,96,67,0.4789,0.1873
6,6,p2p,94,67,0.6861,0.1873
6,6,p2p,94,10,0.7381,0.1884
6,6,p2p,24,10,0.3849,0.1882
6,6,p2p,24,40,0.7176,0.1883
6,6,p2p,48,40,0.4957,0.1875
6,6,p2p,48,51,0.1831,0.1876
6,6,p2p,23,51,0.6765,0.1871
6,6,p2p,80,51,0.2679,0.187
6,6,p2p,80,82,0.5319,0.187
6,6,p2p,4,82,0.5816,0.1867
6,6,p2p,18,82,0.1373,0.1863
6,6,p2p,18,54,0.4599,0.1864
6,6,p2p,98,54,0.6196,0.1858
6,6,p2p,8,54,0.2186,0.1847
6,6,p2p,8,57,0.2176,0.1853
6,6,p2p,52,57,0.4687,0.1848
6,6,p2p,45,57,0.0316,0.1846
6,6,p2p,99,57,0.3412,0.1845
6,6,p2p,1,57,0.0817,0.1822
6,6,p2p,7,57,0.052,0.1818
7,7,p2p,94,23,0.0148,0.2276
7,7,p2p,94,62,0.9012,0.2322
7,7,p2p,94,47,0.4561,0.2329
7,7,p2p,94,76,0.079,0.2329
7,7,p2p,52,76,0.89,0.2327
7,7,p2p,52,35,0.3966,0.233
7,7,p2p,7,35,0.4195,0.2309
7,7,p2p,7,3,0.8259,0.2312
7,7,p2p,18,3,0.0907,0.2306
7,7,p2p,18,93,0.9541,0.2313
7,7,p2p,18,95,0.0545,0.2318
7,7,p2p,78,95,0.7855,0.2311
7,7,p2p,78,22,0.4306,0.2312
7,7,p2p,99,22,0.3876,0.2311
7,7,p2p,99,69,0.6353,0.2313
7,7,p2p,96,69,0.2076,0.2304
7,7,p2p,96,49,0.6761,0.2305
7,7,p2p,85,49,0.201,0.2304
7,7,p2p,85,9,0.1089,0.2305
7,7,p2p,1,9,0.6939,0.2305
7,7,p2p,1,81,0.1785,0.2309
7,7,p2p,71,81,0.6834,0.2304
7,7,p2p,71,68,0.4209,0.2305
7,7,p2p,61,68,0.401,0.2303
7,7,p2p,61,32,0.2784,0.2305
7,7,p2p,79,32,0.3398,0.2303
7,7,p2p,48,32,0.1741,0.2302
7,7,p2p,4,32,0.1084,0.2301
7,7,p2p,4,89,0.1973,0.2309
7,7,p2p,8,89,0.0172,0.2304
7,7,p2p,98,89,0.2116,0.2299
7,7,p2p,17,89,0.135,0.2299
7,7,p2p,58,89,0.2201,0.2298
7,7,p2p,12,89,0.0674,0.2294
7,7,p2p,12,34,0.3822,0.2295
7,7,p2p,88,34,0.5065,0.2292
7,7,p2p,88,75,0.016,0.2292
7,7,p2p,25,75,0.4489,0.2291
7,7,p2p,74,75,0.0226,0.229
7,7,p2p,24,75,0.098,0.2288
7,7,p2p,80,75,0.3986,0.2284
7,7,p2p,80,27,0.0642,0.2285
7,7,p2p,33,27,0.356,0.228
7,7,p2p,77,27,0.1809,0.2278
7,7,p2p,51,27,0.1957,0.2275
7,7,p2p,73,27,0.0732,0.2271
7,7,p2p,45,27,0.0326,0.2267
8,8,p2p,99,48,0.2666,0.1935
8,8,p2p,99,96,0.0448,0.1949
8,8,p2p,61,96,0.0259,0.1939
8,8,p2p,25,96,0.1587,0.1931
8,8,p2p,25,98,0.1382,0.1947
8,8,p2p,94,98,0.2597,0.1941
8,8,p2p,71,98,0.0167,0.1917
8,8,local_market,-1,4,0.4259,0.1901
8,8,local_market,-1,8,0.6828,0.1824
8,8,local_market,-1,17,0.5978,0.185
8,8,local_market,-1,23,0.3597,0.1921
8,8,local_market,-1,24,0.8949,0.1761
8,8,local_market,-1,78,0.8776,0.1766
8,8,local_market,-1,80,0.8695,0.1768
8,8,local_market,-1,88,0.748,0.1805
8,8,local_market,-1,98,0.0898,0.2002
9,9,local_market,-1,4,0.5909,0.1624
9,9,local_market,-1,8,0.6535,0.1605
9,9,local_market,-1,17,2.3005,0.1111
9,9,local_market,-1,23,1.7466,0.1277
9,9,local_market,-1,24,1.917,0.1226
9,9,local_market,-1,48,1.6198,0.1315
9,9,local_market,-1,71,2.9196,0.0925
9,9,local_market,-1,78,0.7035,0.159
9,9,local_market,-1,80,2.0598,0.1183
9,9,local_market,-1,88,0.9141,0.1527
9,9,local_market,-1,94,1.6217,0.1314
9,9,local_market,-1,96,1.7081,0.1289
9,9,local_market,-1,98,0.9098,0.1528
10,10,local_market,-1,4,1.926,0.1093
10,10,local_market,-1,8,1.5734,0.1199
10,10,local_market,-1,17,1.8968,0.1102
10,10,local_market,-1,23,2.115,0.1037
10,10,local_market,-1,24,1.7811,0.1137
10,10,local_market,-1,48,1.4492,0.1236
10,10,local_market,-1,71,3.0,0.0771
10,10,local_market,-1,78,2.7301,0.0852
10,10,local_market,-1,80,1.1725,0.1319
10,10,local_market,-1,88,2.649,0.0876
10,10,local_market,-1,94,2.8,0.0831
10,10,local_market,-1,96,2.0931,0.1043
10,10,local_market,-1,98,1.8857,0.1105
11,11,local_market,-1,4,1.4923,0.1264
11,11,local_market,-1,8,0.9661,0.1422
11,11,local_market,-1,17,3.0,0.0812
11,11,local_market,-1,23,1.8943,0.1144
11,11,local_market,-1,24,2.946,0.0828
11,11,local_market,-1,48,1.4897,0.1265
11,11,local_market,-1,56,0.109,0.1679
11,11,local_market,-1,71,3.0,0.0812
11,11,local_market,-1,78,2.7859,0.0876
11,11,local_market,-1,80,1.3799,0.1298
11,11,local_market,-1,88,3.0,0.0812
11,11,local_market,-1,94,3.0,0.0812
11,11,local_market,-1,96,1.6494,0.1217
11,11,local_market,-1,98,1.1622,0.1363
12,12,local_market,-1,4,1.7537,0.1466
12,12,local_market,-1,8,1.4603,0.1554
12,12,local_market,-1,13,1.0964,0.1663
12,12,local_market,-1,14,0.6638,0.1793
12,12,local_market,-1,17,3.0,0.1092
12,12,local_market,-1,21,0.5589,0.1824
12,12,local_market,-1,23,2.3851,0.1276
12,12,local_market,-1,24,1.6824,0.1487
12,12,local_market,-1,30,0.3367,0.1891
12,12,local_market,-1,31,0.3999,0.1872
12,12,local_market,-1,37,0.879,0.1728
12,12,local_market,-1,41,0.6591,0.1794
12,12,local_market,-1,42,0.7161,0.1777
12,12,local_market,-1,45,0.7106,0.1779
12,12,local_market,-1,48,1.3252,0.1594
12,12,local_market,-1,53,0.7147,0.1778
12,12,local_market,-1,55,0.4796,0.1848
12,12,local_market,-1,56,2.7785,0.1158
12,12,local_market,-1,63,0.5392,0.183
12,12,local_market,-1,64,0.3081,0.19
12,12,local_market,-1,65,0.0564,0.1975
12,12,local_market,-1,69,0.324,0.1895
12,12,local_market,-1,71,1.8156,0.1447
12,12,local_market,-1,73,0.6737,0.179
12,12,local_market,-1,74,0.2642,0.1913
12,12,local_market,-1,75,0.5285,0.1833
12,12,local_market,-1,76,0.5015,0.1842
12,12,local_market,-1,78,2.9611,0.1104
12,12,local_market,-1,80,2.1705,0.1341
12,12,local_market,-1,83,0.1199,0.1956
12,12,local_market,-1,86,0.4629,0.1853
12,12,local_market,-1,88,3.0,0.1092
12,12,local_market,-1,90,1.707,0.148
12,12,local_market,-1,92,0.5588,0.1824
12,12,local_market,-1,94,3.0,0.1092
12,12,local_market,-1,96,3.0,0.1092
12,12,local_market,-1,98,2.2804,0.1308
13,13,local_market,-1,2,1.5805,0.1143
13,13,local_market,-1,4,2.0439,0.1004
13,13,local_market,-1,5,1.4302,0.1188
13,13,local_market,-1,8,1.4618,0.1178
13,13,local_market,-1,9,1.1414,0.1275
13,13,local_market,-1,13,1.0845,0.1292
13,13,local_market,-1,14,1.283,0.1232
13,13,local_market,-1,15,0.9089,0.1344
13,13,local_market,-1,17,1.9139,0.1043
13,13,local_market,-1,21,1.4091,0.1194
13,13,local_market,-1,22,1.6884,0.111
13,13,local_market,-1,23,1.6817,0.1112
13,13,local_market,-1,24,1.7377,0.1096
13,13,local_market,-1,27,0.0207,0.1611
13,13,local_market,-1,28,1.3441,0.1214
13,13,local_market,-1,29,0.3013,0.1527
13,13,local_market,-1,30,1.3373,0.1216
13,13,local_market,-1,31,1.9424,0.1034
13,13,local_market,-1,34,0.1356,0.1576
13,13,local_market,-1,35,0.5913,0.144
13,13,local_market,-1,36,0.0951,0.1588
13,13,local_market,-1,37,1.6051,0.1135
13,13,local_market,-1,39,1.7377,0.1096
13,13,local_market,-1,40,0.6464,0.1423
13,13,local_market,-1,41,2.8142,0.0773
13,13,local_market,-1,42,1.8963,0.1048
13,13,local_market,-1,43,1.4963,0.1168
13,13,local_market,-1,45,1.1923,0.1259
13,13,local_market,-1,46,1.6708,0.1116
13,13,local_market,-1,48,1.9099,0.1044
13,13,local_market,-1,49,1.5026,0.1166
13,13,local_market,-1,50,0.9292,0.1338
13,13,local_market,-1,53,1.2907,0.123
13,13,local_market,-1,55,2.1225,0.098
13,13,local_market,-1,56,1.6555,0.112
13,13,local_market,-1,62,1.6542,0.1121
13,13,local_market,-1,63,2.3398,0.0915
13,13,local_market,-1,64,1.3302,0.1218
13,13,local_market,-1,65,1.761,0.1089
13,13,local_market,-1,66,1.2987,0.1227
13,13,local_market,-1,68,1.529,0.1158
13,13,local_market,-1,69,1.9847,0.1022
13,13,local_market,-1,71,2.7919,0.0779
13,13,local_market,-1,72,0.6418,0.1424
13,13,local_market,-1,73,1.3732,0.1205
13,13,local_market,-1,74,1.2661,0.1237
13,13,local_market,-1,75,1.6654,0.1117
13,13,local_market,-1,76,2.9039,0.0746
13,13,local_market,-1,78,1.8548,0.1061
13,13,local_market,-1,80,3.0,0.0717
13,13,local_market,-1,81,0.805,0.1376
13,13,local_market,-1,83,1.1765,0.1264
13,13,local_market,-1,84,1.4081,0.1195
13,13,local_market,-1,86,2.1345,0.0977
13,13,local_market,-1,88,3.0,0.0717
13,13,local_market,-1,89,0.2893,0.153
13,13,local_market,-1,90,1.3137,0.1223
13,13,local_market,-1,92,0.8037,0.1376
13,13,local_market,-1,94,2.6344,0.0827
13,13,local_market,-1,95,0.4628,0.1478
13,13,local_market,-1,96,3.0,0.0717
13,13,local_market,-1,97,1.657,0.112
13,13,local_market,-1,98,2.24,0.0945
14,14,local_market,-1,0,1.4059,0.106
14,14,local_market,-1,2,1.9523,0.0896
14,14,local_market,-1,3,1.0854,0.1156
14,14,local_market,-1,4,1.4486,0.1047
14,14,local_market,-1,5,1.97,0.0891
14,14,local_market,-1,6,1.8988,0.0912
14,14,local_market,-1,8,1.0391,0.117
14,14,local_market,-1,9,2.976,0.0589
14,14,local_market,-1,10,1.739,0.096
14,14,local_market,-1,11,1.5215,0.1026
14,14,local_market,-1,13,1.1728,0.113
14,14,local_market,-1,14,1.7517,0.0956
14,14,local_market,-1,15,1.9606,0.0894
14,14,local_market,-1,17,3.0,0.0582
14,14,local_market,-1,18,2.0115,0.0879
14,14,local_market,-1,19,2.8065,0.064
14,14,local_market,-1,20,2.266,0.0802
14,14,local_market,-1,21,1.336,0.1081
14,14,local_market,-1,22,2.6503,0.0687
14,14,local_market,-1,23,1.3316,0.1083
14,14,local_market,-1,24,1.2361,0.1111
14,14,local_market,-1,26,3.0,0.0582
14,14,local_market,-1,27,1.6855,0.0976
14,14,local_market,-1,28,2.8794,0.0618
14,14,local_market,-1,29,2.8614,0.0624
14,14,local_market,-1,30,1.6556,0.0985
14,14,local_market,-1,31,2.0601,0.0864
14,14,local_market,-1,32,0.9771,0.1189
14,14,local_market,-1,34,1.5553,0.1015
14,14,local_market,-1,35,2.4143,0.0758
14,14,local_market,-1,36,1.7561,0.0955
14,14,local_market,-1,37,1.2945,0.1094
14,14,local_market,-1,38,1.3507,0.1077
14,14,local_market,-1,39,1.2821,0.1097
14,14,local_market,-1,40,2.9236,0.0605
14,14,local_market,-1,41,1.4832,0.1037
14,14,local_market,-1,42,1.4742,0.104
14,14,local_market,-1,43,1.3952,0.1063
14,14,local_market,-1,45,0.988,0.1186
14,14,local_market,-1,46,1.3436,0.1079
14,14,local_market,-1,47,2.0053,0.088
14,14,local_market,-1,48,2.1661,0.0832
14,14,local_market,-1,49,1.5009,0.1032
14,14,local_market,-1,50,1.2875,0.1096
14,14,local_market,-1,51,0.1478,0.1438
14,14,local_market,-1,53,1.0164,0.1177
14,14,local_market,-1,55,1.8049,0.0941
14,14,local_market,-1,56,1.4872,0.1036
14,14,local_market,-1,57,1.5384,0.102
14,14,local_market,-1,58,1.6601,0.0984
14,14,local_market,-1,59,1.4152,0.1057
14,14,local_market,-1,62,2.7296,0.0663
14,14,local_market,-1,63,1.0141,0.1178
14,14,local_market,-1,64,2.2559,0.0805
14,14,local_market,-1,65,1.5637,0.1013
14,14,local_market,-1,66,2.4037,0.0761
14,14,local_market,-1,68,1.5103,0.1029
14,14,local_market,-1,69,3.0,0.0582
14,14,local_market,-1,70,1.5787,0.1008
14,14,local_market,-1,71,3.0,0.0582
14,14,local_market,-1,72,2.3604,0.0774
14,14,local_market,-1,73,1.3625,0.1073
14,14,local_market,-1,74,1.4119,0.1058
14,14,local_market,-1,75,1.267,0.1102
14,14,local_market,-1,76,1.7888,0.0945
14,14,local_market,-1,77,0.8166,0.1237
14,14,local_market,-1,78,1.9744,0.089
14,14,local_market,-1,80,2.3779,0.0769
14,14,local_market,-1,81,1.7627,0.0953
14,14,local_market,-1,82,0.5996,0.1302
14,14,local_market,-1,83,1.7382,0.0961
14,14,local_market,-1,84,1.3009,0.1092
14,14,local_market,-1,86,0.9914,0.1185
14,14,local_market,-1,87,0.0221,0.1475
14,14,local_market,-1,88,1.9818,0.0887
14,14,local_market,-1,89,2.302,0.0791
14,14,local_market,-1,90,1.4757,0.1039
14,14,local_market,-1,91,1.2965,0.1093
14,14,local_market,-1,92,0.9998,0.1182
14,14,local_market,-1,93,1.8079,0.094
14,14,local_market,-1,94,3.0,0.0582
14,14,local_market,-1,95,2.871,0.0621
14,14,local_market,-1,96,2.3806,0.0768
14,14,local_market,-1,97,1.043,0.1169
14,14,local_market,-1,98,1.1035,0.1151
14,14,local_market,-1,99,2.9753,0.0589
15,15,local_market,-1,0,1.1442,0.1139
15,15,local_market,-1,1,2.0775,0.0859
15,15,local_market,-1,2,2.0031,0.0881
15,15,local_market,-1,3,1.6835,0.0977
15,15,local_market,-1,4,0.8354,0.1231
15,15,local_market,-1,5,1.6292,0.0993
15,15,local_market,-1,6,2.5959,0.0703
15,15,local_market,-1,7,0.5264,0.1324
15,15,local_market,-1,8,0.5553,0.1315
15,15,local_market,-1,9,1.7929,0.0944
15,15,local_market,-1,10,1.5116,0.1029
15,15,local_market,-1,11,2.7944,0.0644
15,15,local_market,-1,12,1.3695,0.1071
15,15,local_market,-1,13,0.9511,0.1197
15,15,local_market,-1,14,0.8796,0.1218
15,15,local_market,-1,15,1.9459,0.0898
15,15,local_market,-1,17,1.52,0.1026
15,15,local_market,-1,18,2.6528,0.0686
15,15,local_market,-1,19,1.4569,0.1045
15,15,local_market,-1,20,2.346,0.0778
15,15,local_market,-1,21,1.1526,0.1136
15,15,local_market,-1,22,1.094,0.1154
15,15,local_market,-1,23,1.2806,0.1098
15,15,local_market,-1,24,1.3486,0.1077
15,15,local_market,-1,25,1.3649,0.1073
15,15,local_market,-1,26,2.8587,0.0624
15,15,local_market,-1,27,1.0785,0.1158
15,15,local_market,-1,28,1.452,0.1046
15,15,local_market,-1,29,1.3096,0.1089
15,15,local_market,-1,30,0.8672,0.1222
15,15,local_market,-1,31,1.5311,0.1023
15,15,local_market,-1,32,0.9416,0.12
15,15,local_market,-1,33,1.5689,0.1011
15,15,local_market,-1,34,1.8902,0.0915
15,15,local_market,-1,35,2.1822,0.0827
15,15,local_market,-1,36,0.8925,0.1214
15,15,local_market,-1,37,0.7455,0.1258
15,15,local_market,-1,38,1.3227,0.1085
15,15,local_market,-1,39,2.2492,0.0807
15,15,local_market,-1,40,1.949,0.0897
15,15,local_market,-1,41,1.7662,0.0952
15,15,local_market,-1,42,1.3835,0.1067
15,15,local_market,-1,43,1.1038,0.1151
15,15,local_market,-1,44,0.4478,0.1348
15,15,local_market,-1,45,0.8961,0.1213
15,15,local_market,-1,46,1.6283,0.0994
15,15,local_market,-1,47,1.0095,0.1179
15,15,local_market,-1,48,0.8005,0.1242
15,15,local_market,-1,49,2.3467,0.0778
15,15,local_market,-1,50,1.7999,0.0942
15,15,local_market,-1,51,1.2577,0.1105
15,15,local_market,-1,52,0.6647,0.1283
15,15,local_market,-1,53,0.6986,0.1272
15,15,local_market,-1,54,1.3476,0.1078
15,15,local_market,-1,55,0.843,0.1229
15,15,local_market,-1,56,1.7271,0.0964
15,15,local_market,-1,57,1.4396,0.105
15,15,local_market,-1,58,2.4084,0.0759
15,15,local_market,-1,59,0.9143,0.1208
15,15,local_market,-1,61,2.3077,0.079
15,15,local_market,-1,62,1.2669,0.1102
15,15,local_market,-1,63,0.7876,0.1246
15,15,local_market,-1,64,2.0285,0.0873
15,15,local_market,-1,65,1.1324,0.1142
15,15,local_market,-1,66,2.1293,0.0843
15,15,local_market,-1,67,0.3479,0.1378
15,15,local_market,-1,68,0.9643,0.1193
15,15,local_market,-1,69,1.6931,0.0974
15,15,local_market,-1,70,1.3843,0.1067
15,15,local_market,-1,71,3.0,0.0582
15,15,local_market,-1,72,0.7602,0.1254
15,15,local_market,-1,73,0.8103,0.1239
15,15,local_market,-1,74,1.1081,0.115
15,15,local_market,-1,75,1.6002,0.1002
15,15,local_market,-1,76,0.8488,0.1227
15,15,local_market,-1,77,1.5379,0.1021
15,15,local_market,-1,78,1.6254,0.0994
15,15,local_market,-1,79,0.7903,0.1245
15,15,local_market,-1,80,0.9867,0.1186
15,15,local_market,-1,81,1.5598,0.1014
15,15,local_market,-1,82,1.0325,0.1172
15,15,local_market,-1,83,1.0471,0.1168
15,15,local_market,-1,84,2.2111,0.0819
15,15,local_market,-1,86,0.9235,0.1205
15,15,local_market,-1,87,1.9181,0.0907
15,15,local_market,-1,88,1.392,0.1064
15,15,local_market,-1,89,1.2898,0.1095
15,15,local_market,-1,90,0.5562,0.1315
15,15,local_market,-1,91,1.1049,0.1151
15,15,local_market,-1,92,1.2617,0.1103
15,15,local_market,-1,93,1.9683,0.0892
15,15,local_market,-1,94,2.286,0.0796
15,15,local_market,-1,95,0.9693,0.1191
15,15,local_market,-1,96,1.6005,0.1002
15,15,local_market,-1,97,1.4589,0.1044
15,15,local_market,-1,98,1.5697,0.1011
15,15,local_market,-1,99,2.7765,0.0649
16,16,local_market,-1,0,1.0894,0.1388
16,16,local_market,-1,1,1.24,0.1343
16,16,local_market,-1,2,0.4658,0.1575
16,16,local_market,-1,3,0.7069,0.1503
16,16,local_market,-1,4,0.4851,0.1569
16,16,local_market,-1,5,0.6442,0.1522
16,16,local_market,-1,6,0.6592,0.1517
16,16,local_market,-1,7,1.1059,0.1383
16,16,local_market,-1,8,0.5609,0.1547
16,16,local_market,-1,9,1.2785,0.1331
16,16,local_market,-1,10,0.7473,0.1491
16,16,local_market,-1,11,1.4799,0.1271
16,16,local_market,-1,12,1.0813,0.1391
16,16,local_market,-1,13,0.2721,0.1633
16,16,local_market,-1,14,0.869,0.1454
16,16,local_market,-1,15,0.3065,0.1623
16,16,local_market,-1,17,0.7162,0.15
16,16,local_market,-1,18,0.7751,0.1482
16,16,local_market,-1,19,1.4416,0.1283
16,16,local_market,-1,20,0.4548,0.1579
16,16,local_market,-1,21,0.5002,0.1565
16,16,local_market,-1,22,0.424,0.1588
16,16,local_market,-1,23,0.9641,0.1426
16,16,local_market,-1,24,0.4012,0.1595
16,16,local_market,-1,25,0.8133,0.1471
16,16,local_market,-1,26,0.7381,0.1494
16,16,local_market,-1,27,1.0766,0.1392
16,16,local_market,-1,28,1.3785,0.1301
16,16,local_market,-1,29,0.939,0.1433
16,16,local_market,-1,30,0.4976,0.1566
16,16,local_market,-1,31,1.1971,0.1356
16,16,local_market,-1,32,0.6899,0.1508
16,16,local_market,-1,33,0.8552,0.1458
16,16,local_market,-1,34,0.8098,0.1472
16,16,local_market,-1,35,1.2411,0.1343
16,16,local_market,-1,36,0.9746,0.1423
16,16,local_market,-1,37,0.696,0.1506
16,16,local_market,-1,38,0.8939,0.1447
16,16,local_market,-1,39,1.0014,0.1415
16,16,local_market,-1,40,0.4789,0.1571
16,16,local_market,-1,41,0.365,0.1605
16,16,local_market,-1,42,0.9504,0.143
16,16,local_market,-1,43,1.1648,0.1366
16,16,local_market,-1,44,1.2316,0.1346
16,16,local_market,-1,45,0.4807,0.1571
16,16,local_market,-1,46,1.0667,0.1395
16,16,local_market,-1,47,0.5614,0.1547
16,16,local_market,-1,48,0.5749,0.1543
16,16,local_market,-1,49,1.2835,0.133
16,16,local_market,-1,50,0.6837,0.151
16,16,local_market,-1,51,0.1625,0.1666
16,16,local_market,-1,52,0.9589,0.1427
16,16,local_market,-1,53,0.5906,0.1538
16,16,local_market,-1,54,1.2092,0.1352
16,16,local_market,-1,55,0.8592,0.1457
16,16,local_market,-1,56,0.8172,0.147
16,16,local_market,-1,57,1.0466,0.1401
16,16,local_market,-1,58,0.3333,0.1615
16,16,local_market,-1,59,0.6026,0.1534
16,16,local_market,-1,60,0.6286,0.1526
16,16,local_market,-1,61,0.8586,0.1457
16,16,local_market,-1,62,1.1239,0.1378
16,16,local_market,-1,63,0.2911,0.1628
16,16,local_market,-1,64,0.697,0.1506
16,16,local_market,-1,65,0.3991,0.1595
16,16,local_market,-1,66,0.6241,0.1528
16,16,local_market,-1,67,0.9399,0.1433
16,16,local_market,-1,68,0.5379,0.1554
16,16,local_market,-1,69,0.4007,0.1595
16,16,local_market,-1,70,1.0601,0.1397
16,16,local_market,-1,71,0.3689,0.1604
16,16,local_market,-1,72,0.3049,0.1624
16,16,local_market,-1,73,0.6088,0.1532
16,16,local_market,-1,74,0.6065,0.1533
16,16,local_market,-1,75,0.8156,0.147
16,16,local_market,-1,76,0.4148,0.1591
16,16,local_market,-1,77,0.3435,0.1612
16,16,local_market,-1,78,1.2235,0.1348
16,16,local_market,-1,79,1.0878,0.1389
16,16,local_market,-1,80,0.4324,0.1585
16,16,local_market,-1,81,1.3874,0.1299
16,16,local_market,-1,82,1.4153,0.129
16,16,local_market,-1,83,0.4997,0.1565
16,16,local_market,-1,84,1.1657,0.1365
16,16,local_market,-1,86,0.2463,0.1641
16,16,local_market,-1,87,0.5377,0.1554
16,16,local_market,-1,88,0.3554,0.1608
16,16,local_market,-1,89,0.2482,0.1641
16,16,local_market,-1,90,0.9374,0.1434
16,16,local_market,-1,91,1.3884,0.1298
16,16,local_market,-1,92,0.7482,0.1491
16,16,local_market,-1,93,0.2868,0.1629
16,16,local_market,-1,94,0.1192,0.1679
16,16,local_market,-1,95,1.38,0.1301
16,16,local_market,-1,96,0.9107,0.1442
16,16,local_market,-1,97,0.4892,0.1568
16,16,local_market,-1,98,0.8723,0.1453
16,16,local_market,-1,99,1.5816,0.1241
17,17,p2p,71,13,0.0284,0.1733
17,17,p2p,71,17,0.0612,0.1733
17,17,p2p,71,32,0.024,0.1733
17,17,p2p,71,47,0.0564,0.1733
17,17,p2p,71,55,0.0528,0.1733
17,17,p2p,71,86,0.0909,0.1733
17,17,p2p,71,79,0.0276,0.1735
17,17,p2p,71,22,0.0248,0.1739
17,17,p2p,71,20,0.0614,0.174
17,17,p2p,71,62,0.0585,0.1742
17,17,p2p,96,62,0.0499,0.173
17,17,p2p,96,59,0.0925,0.1732
17,17,p2p,96,31,0.0125,0.1734
17,17,p2p,96,42,0.0457,0.1737
17,17,p2p,94,76,0.0774,0.1723
17,17,p2p,94,5,0.0541,0.1725
17,17,p2p,94,74,0.0499,0.1728
17,17,p2p,94,73,0.0764,0.173
17,17,p2p,94,37,0.0499,0.1732
17,17,p2p,24,37,0.0613,0.1732
17,17,p2p,88,37,0.0965,0.1731
17,17,p2p,88,8,0.0157,0.1733
17,17,p2p,78,8,0.0447,0.1729
17,17,p2p,48,8,0.0506,0.1725
17,17,p2p,48,34,0.1028,0.1726
17,17,p2p,48,97,0.0852,0.1728
17,17,p2p,98,97,0.0971,0.1721
17,17,p2p,98,82,0.0981,0.1723
17,17,p2p,4,35,0.1397,0.1717
17,17,p2p,4,45,0.0236,0.1718
17,17,local_market,-1,15,0.2492,0.177
17,17,local_market,-1,45,0.0343,0.1835
17,17,local_market,-1,53,0.1272,0.1807
17,17,local_market,-1,64,0.129,0.1806
17,17,local_market,-1,80,0.2692,0.1764
17,17,local_market,-1,81,0.2144,0.1781
18,18,p2p,96,12,1.8724,0.2343
18,18,p2p,24,12,1.1276,0.2343
18,18,p2p,24,52,0.4297,0.2343
18,18,p2p,78,52,1.7315,0.2335
18,18,p2p,48,52,0.8388,0.233
18,18,local_market,4,-1,0.7614,0.2553
18,18,local_market,8,-1,0.6202,0.2511
18,18,local_market,23,-1,1.0217,0.2631
18,18,local_market,48,-1,0.111,0.2358
18,18,local_market,80,-1,1.0427,0.2638
18,18,local_market,98,-1,0.8464,0.2579
19,19,p2p,4,18,0.9954,0.2475
19,19,p2p,8,18,0.6217,0.2467
19,19,p2p,98,18,0.9748,0.2466
19,19,p2p,48,18,0.4081,0.2459
19,19,local_market,48,-1,0.6911,0.2695
20,20,p2p,71,77,2.6663,0.2407
20,20,p2p,94,77,0.3337,0.2398
20,20,p2p,94,79,2.3224,0.2398
20,20,p2p,88,79,0.6776,0.2383
20,20,p2p,88,99,1.0953,0.2383
20,20,p2p,17,99,1.5741,0.2379
20,20,p2p,48,99,0.0749,0.2325
20,20,local_market,4,-1,0.8112,0.2588
20,20,local_market,8,-1,0.6514,0.254
20,20,local_market,48,-1,1.0737,0.2667
21,21,p2p,71,29,1.9676,0.2088
21,21,p2p,71,60,0.2363,0.2106
21,21,p2p,94,60,1.9439,0.2101
21,21,p2p,96,60,0.8198,0.2094
21,21,p2p,96,7,1.0619,0.2101
21,21,p2p,88,7,1.6724,0.2093
21,21,p2p,78,7,0.2657,0.209
21,21,p2p,78,20,1.4406,0.209
21,21,p2p,17,20,1.5016,0.2085
21,21,p2p,24,20,0.0578,0.2071
21,21,p2p,24,25,1.0805,0.2071
21,21,p2p,23,25,0.87,0.2063
21,21,p2p,8,25,0.5591,0.2037
21,21,p2p,80,25,0.4904,0.2034
21,21,local_market,80,-1,0.4891,0.2187
22,22,p2p,96,51,1.0282,0.1719
22,22,p2p,96,76,0.3305,0.1747
22,22,p2p,71,76,1.2984,0.1742
22,22,p2p,94,76,0.6564,0.1742
22,22,p2p,94,95,0.7256,0.1755
22,22,p2p,78,95,1.1172,0.1739
22,22,p2p,80,95,0.4747,0.1725
22,22,p2p,80,70,0.3371,0.173
22,22,p2p,17,70,1.0452,0.1723
22,22,p2p,24,70,0.7726,0.172
22,22,p2p,88,70,0.2381,0.1714
22,22,p2p,88,82,0.7354,0.1733
22,22,p2p,23,82,0.617,0.1723
22,22,p2p,98,82,0.5604,0.1714
22,22,p2p,8,82,0.3591,0.171
23,23,p2p,71,93,0.9928,0.1334
23,23,p2p,94,93,0.2703,0.1324
23,23,p2p,94,66,0.6181,0.1332
23,23,p2p,4,66,0.359,0.1313
23,23,p2p,96,66,0.7633,0.1312
23,23,p2p,24,66,0.2108,0.1312
23,23,p2p,24,47,0.3751,0.1333
23,23,p2p,88,47,0.6934,0.1328
23,23,p2p,17,47,0.615,0.1327
23,23,p2p,78,47,0.269,0.1325
23,23,p2p,78,22,0.4493,0.1337
23,23,p2p,23,22,0.3327,0.1333
23,23,p2p,80,22,0.4692,0.1332
23,23,p2p,98,22,0.3383,0.1331
23,23,p2p,48,22,0.4202,0.1328
